@ARTICLE{bohm-vitense1958,
       author = {{B{\"o}hm-Vitense}, E.},
        title = "{{\"U}ber die Wasserstoffkonvektionszone in Sternen verschiedener Effektivtemperaturen und Leuchtkr{\"a}fte. Mit 5 Textabbildungen}",
      journal = {\zap},
         year = "1958",
        month = "Jan",
       volume = {46},
        pages = {108},
       adsurl = {https://ui.adsabs.harvard.edu/abs/1958ZA.....46..108B},
      adsnote = {Provided by the SAO/NASA Astrophysics Data System}
}



@ARTICLE{spruit1997,
       author = {{Spruit}, H.~C.},
        title = "{Convection in stellar envelopes: a changing paradigm.}",
      journal = {Memorie della Societa Astronomica Italiana},
     keywords = {Astrophysics},
         year = "1997",
        month = "Jan",
       volume = {68},
        pages = {397-413},
archivePrefix = {arXiv},
       eprint = {astro-ph/9605020},
 primaryClass = {astro-ph},
       adsurl = {https://ui.adsabs.harvard.edu/abs/1997MmSAI..68..397S},
      adsnote = {Provided by the SAO/NASA Astrophysics Data System}
}


% Solar surface convection review
@ARTICLE{nordlund&all2009,
   author = {{Nordlund}, {\AA}. and {Stein}, R.~F. and {Asplund}, M.},
    title = "{Solar Surface Convection}",
  journal = {Living Reviews in Solar Physics},
 keywords = {solar physics, convection, granulation, mesogranulation, supergranulation},
     year = 2009,
    month = apr,
   volume = 6,
      eid = {2},
    pages = {2},
      doi = {10.12942/lrsp-2009-2},
   adsurl = {http://adsabs.harvard.edu/abs/2009LRSP....6....2N},
  adsnote = {Provided by the SAO/NASA Astrophysics Data System}
}

% Solar dynamo theory review
@ARTICLE{charbonneau2014,
   author = {{Charbonneau}, P.},
    title = "{Solar Dynamo Theory}",
  journal = {Annual Review of Astronomy and Astrophysics},
     year = 2014,
    month = aug,
   volume = 52,
    pages = {251-290},
      doi = {10.1146/annurev-astro-081913-040012},
   adsurl = {http://adsabs.harvard.edu/abs/2014ARA%26A..52..251C},
  adsnote = {Provided by the SAO/NASA Astrophysics Data System}
}

% Early convection work
@ARTICLE{graham1975,
   author = {{Graham}, E.},
    title = "{Numerical simulation of two-dimensional compressible convection}",
  journal = {Journal of Fluid Mechanics},
 keywords = {Compressible Flow, Convective Flow, Digital Simulation, Free Convection, Two Dimensional Flow, Boundary Value Problems, Boussinesq Approximation, Equations Of Motion, Finite Difference Theory, Flow Stability, Ideal Gas, Rayleigh Number, Thermal Conductivity, Viscous Fluids},
     year = 1975,
    month = aug,
   volume = 70,
    pages = {689-703},
      doi = {10.1017/S0022112075002297},
   adsurl = {http://adsabs.harvard.edu/abs/1975JFM....70..689G},
  adsnote = {Provided by the SAO/NASA Astrophysics Data System}
}

@ARTICLE{hurlburt&all1984,
   author = {{Hurlburt}, N.~E. and {Toomre}, J. and {Massaguer}, J.~M.},
    title = "{Two-dimensional compressible convection extending over multiple scale heights}",
  journal = {The Astrophysical Journal},
 keywords = {Compressible Flow, Convection, Stellar Atmospheres, Atmospheric Stratification, Computational Fluid Dynamics, Fourier Analysis, Temporal Distribution, Two Dimensional Flow},
     year = 1984,
    month = jul,
   volume = 282,
    pages = {557-573},
      doi = {10.1086/162235},
   adsurl = {http://adsabs.harvard.edu/abs/1984ApJ...282..557H},
  adsnote = {Provided by the SAO/NASA Astrophysics Data System}
}

@ARTICLE{cattaneo&all1991,
       author = {{Cattaneo}, Fausto and {Brummell}, Nicholas H. and {Toomre}, Juri and
         {Malagoli}, Andrea and {Hurlburt}, Neal E.},
        title = "{Turbulent Compressible Convection}",
      journal = {\apj},
     keywords = {Compressible Flow, Free Convection, Late Stars, Magnetohydrodynamic Turbulence, Stellar Interiors, Stellar Motions, Astronomical Spectroscopy, Statistical Analysis, Stellar Evolution, Stellar Models, Transport Properties, Astrophysics, CONVECTION, STARS: INTERIORS, TURBULENCE},
         year = "1991",
        month = "Mar",
       volume = {370},
        pages = {282},
          doi = {10.1086/169814},
       adsurl = {https://ui.adsabs.harvard.edu/abs/1991ApJ...370..282C},
      adsnote = {Provided by the SAO/NASA Astrophysics Data System}
}

@ARTICLE{brummell&all1996,
       author = {{Brummell}, Nicholas H. and {Hurlburt}, Neal E. and {Toomre}, Juri},
        title = "{Turbulent Compressible Convection with Rotation. I. Flow Structure and Evolution}",
      journal = {\apj},
     keywords = {CONVECTION, HYDRODYNAMICS, STARS: INTERIORS, SUN: ROTATION, TURBULENCE},
         year = "1996",
        month = "Dec",
       volume = {473},
        pages = {494},
          doi = {10.1086/178161},
       adsurl = {https://ui.adsabs.harvard.edu/abs/1996ApJ...473..494B},
      adsnote = {Provided by the SAO/NASA Astrophysics Data System}
}

@ARTICLE{brummell&all1998,
       author = {{Brummell}, Nicholas H. and {Hurlburt}, Neal E. and {Toomre}, Juri},
        title = "{Turbulent Compressible Convection with Rotation. II. Mean Flows and Differential Rotation}",
      journal = {\apj},
     keywords = {CONVECTION, STARS: INTERIORS, STARS: ROTATION, SUN: ROTATION, TURBULENCE, Convection, Stars: Interiors, Stars: Rotation, Sun: Rotation, Turbulence},
         year = "1998",
        month = "Jan",
       volume = {493},
       number = {2},
        pages = {955-969},
          doi = {10.1086/305137},
       adsurl = {https://ui.adsabs.harvard.edu/abs/1998ApJ...493..955B},
      adsnote = {Provided by the SAO/NASA Astrophysics Data System}
}


%Sexy physics sims
@ARTICLE{stein&nordlund1998,
       author = {{Stein}, R.~F. and {Nordlund}, {\r{A}}.},
        title = "{Simulations of Solar Granulation. I. General Properties}",
      journal = {\apj},
     keywords = {Convection, Hydrodynamics, Methods: Numerical, Sun: Granulation, Sun: Interior},
         year = "1998",
        month = "May",
       volume = {499},
       number = {2},
        pages = {914-933},
          doi = {10.1086/305678},
       adsurl = {https://ui.adsabs.harvard.edu/abs/1998ApJ...499..914S},
      adsnote = {Provided by the SAO/NASA Astrophysics Data System}
}


@ARTICLE{rempel&all2009,
       author = {{Rempel}, M. and {Sch{\"u}ssler}, M. and {Kn{\"o}lker}, M.},
        title = "{Radiative Magnetohydrodynamic Simulation of Sunspot Structure}",
      journal = {\apj},
     keywords = {convection, MHD, radiative transfer, sunspots, Astrophysics},
         year = "2009",
        month = "Jan",
       volume = {691},
       number = {1},
        pages = {640-649},
          doi = {10.1088/0004-637X/691/1/640},
archivePrefix = {arXiv},
       eprint = {0808.3294},
 primaryClass = {astro-ph},
       adsurl = {https://ui.adsabs.harvard.edu/abs/2009ApJ...691..640R},
      adsnote = {Provided by the SAO/NASA Astrophysics Data System}
}

@ARTICLE{stein&nordlund2012,
   author = {{Stein}, R.~F. and {Nordlund}, {\AA}.},
    title = "{On the Formation of Active Regions}",
  journal = {Astrophys J. Lett.},
archivePrefix = "arXiv",
   eprint = {1207.4248},
 primaryClass = "astro-ph.SR",
 keywords = {methods: numerical, Sun: activity, Sun: granulation, Sun: surface magnetism},
     year = 2012,
    month = jul,
   volume = 753,
      eid = {L13},
    pages = {L13},
      doi = {10.1088/2041-8205/753/1/L13},
   adsurl = {http://adsabs.harvard.edu/abs/2012ApJ...753L..13S},
  adsnote = {Provided by the SAO/NASA Astrophysics Data System}
}



@ARTICLE{rempel2014,
       author = {{Rempel}, M.},
        title = "{Numerical Simulations of Quiet Sun Magnetism: On the Contribution from a Small-scale Dynamo}",
      journal = {\apj},
     keywords = {convection, dynamo, magnetohydrodynamics: MHD, radiative transfer, Sun: magnetic fields, Sun: photosphere, Astrophysics - Solar and Stellar Astrophysics},
         year = "2014",
        month = "Jul",
       volume = {789},
       number = {2},
          eid = {132},
        pages = {132},
          doi = {10.1088/0004-637X/789/2/132},
archivePrefix = {arXiv},
       eprint = {1405.6814},
 primaryClass = {astro-ph.SR},
       adsurl = {https://ui.adsabs.harvard.edu/abs/2014ApJ...789..132R},
      adsnote = {Provided by the SAO/NASA Astrophysics Data System}
}


% big 3d sexy sims
@ARTICLE{brown&all2010,
   author = {{Brown}, B.~P. and {Browning}, M.~K. and {Brun}, A.~S. and {Miesch}, M.~S. and 
	{Toomre}, J.},
    title = "{Persistent Magnetic Wreaths in a Rapidly Rotating Sun}",
  journal = {The Astrophysical Journal},
archivePrefix = "arXiv",
   eprint = {1011.2831},
 primaryClass = "astro-ph.SR",
 keywords = {convection, magnetohydrodynamics: MHD, stars: interiors, stars: magnetic field, stars: rotation, Sun: interior},
     year = 2010,
    month = mar,
   volume = 711,
    pages = {424-438},
      doi = {10.1088/0004-637X/711/1/424},
   adsurl = {http://adsabs.harvard.edu/abs/2010ApJ...711..424B},
  adsnote = {Provided by the SAO/NASA Astrophysics Data System}
}

@ARTICLE{brown&all2011,
       author = {{Brown}, Benjamin P. and {Miesch}, Mark S. and {Browning}, Matthew K. and
         {Brun}, Allan Sacha and {Toomre}, Juri},
        title = "{Magnetic Cycles in a Convective Dynamo Simulation of a Young Solar-type Star}",
      journal = {\apj},
     keywords = {convection, magnetohydrodynamics: MHD, stars: interiors, stars: magnetic field, stars: rotation, Sun: interior, Astrophysics - Solar and Stellar Astrophysics},
         year = "2011",
        month = "Apr",
       volume = {731},
       number = {1},
          eid = {69},
        pages = {69},
          doi = {10.1088/0004-637X/731/1/69},
archivePrefix = {arXiv},
       eprint = {1102.1993},
 primaryClass = {astro-ph.SR},
       adsurl = {https://ui.adsabs.harvard.edu/abs/2011ApJ...731...69B},
      adsnote = {Provided by the SAO/NASA Astrophysics Data System}
}

@ARTICLE{guerrero&all2016,
   author = {{Guerrero}, G. and {Smolarkiewicz}, P.~K. and {de Gouveia Dal Pino}, E.~M. and 
	{Kosovichev}, A.~G. and {Mansour}, N.~N.},
    title = "{On the Role of Tachoclines in Solar and Stellar Dynamos}",
  journal = {The Astrophysical Journal},
archivePrefix = "arXiv",
   eprint = {1507.04434},
 primaryClass = "astro-ph.SR",
 keywords = {stars: activity, stars: interiors, stars: magnetic field, Sun: interior, Sun: magnetic fields, Sun: rotation},
     year = 2016,
    month = mar,
   volume = 819,
      eid = {104},
    pages = {104},
      doi = {10.3847/0004-637X/819/2/104},
   adsurl = {http://adsabs.harvard.edu/abs/2016ApJ...819..104G},
  adsnote = {Provided by the SAO/NASA Astrophysics Data System}
}

% sims as observations

@ARTICLE{vankooten&cranmer2017,
       author = {{Van Kooten}, Samuel J. and {Cranmer}, Steven R.},
        title = "{Characterizing the Motion of Solar Magnetic Bright Points at High Resolution}",
      journal = {\apj},
     keywords = {convection, magnetohydrodynamics: MHD, Sun: granulation, Sun: photosphere, waves, Astrophysics - Solar and Stellar Astrophysics},
         year = "2017",
        month = "Nov",
       volume = {850},
       number = {1},
          eid = {64},
        pages = {64},
          doi = {10.3847/1538-4357/aa93e2},
archivePrefix = {arXiv},
       eprint = {1710.04738},
 primaryClass = {astro-ph.SR},
       adsurl = {https://ui.adsabs.harvard.edu/abs/2017ApJ...850...64V},
      adsnote = {Provided by the SAO/NASA Astrophysics Data System}
}

@ARTICLE{shchukina&trujillo2019,
       author = {{Shchukina}, N.~G. and {Trujillo Bueno}, J.},
        title = "{The diagnostic potential of the weak field approximation for investigating the quiet Sun magnetism: the Si I 10 827 {\r{A}} line}",
      journal = {\aap},
     keywords = {Sun: magnetic fields, Sun: photosphere, line: formation, radiative transfer},
         year = "2019",
        month = "Aug",
       volume = {628},
          eid = {A47},
        pages = {A47},
          doi = {10.1051/0004-6361/201935510},
       adsurl = {https://ui.adsabs.harvard.edu/abs/2019A&A...628A..47S},
      adsnote = {Provided by the SAO/NASA Astrophysics Data System}
}

@ARTICLE{edelmann&all2019,
       author = {{Edelmann}, P.~V.~F. and {Ratnasingam}, R.~P. and {Pedersen}, M.~G. and
         {Bowman}, D.~M. and {Prat}, V. and {Rogers}, T.~M.},
        title = "{Three-dimensional Simulations of Massive Stars. I. Wave Generation and Propagation}",
      journal = {\apj},
     keywords = {convection, hydrodynamics, stars: interiors, waves, Astrophysics - Solar and Stellar Astrophysics},
         year = "2019",
        month = "May",
       volume = {876},
       number = {1},
          eid = {4},
        pages = {4},
          doi = {10.3847/1538-4357/ab12df},
archivePrefix = {arXiv},
       eprint = {1903.09392},
 primaryClass = {astro-ph.SR},
       adsurl = {https://ui.adsabs.harvard.edu/abs/2019ApJ...876....4E},
      adsnote = {Provided by the SAO/NASA Astrophysics Data System}
}

% Convective Conundrum obs
@ARTICLE{hanasoge&all2012,
   author = {{Hanasoge}, S.~M. and {Duvall}, T.~L. and {Sreenivasan}, K.~R.
	},
    title = "{Anomalously weak solar convection}",
  journal = {Proceedings of the National Academy of Science},
archivePrefix = "arXiv",
   eprint = {1206.3173},
 primaryClass = "astro-ph.SR",
     year = 2012,
    month = jul,
   volume = 109,
    pages = {11928-11932},
      doi = {10.1073/pnas.1206570109},
   adsurl = {http://adsabs.harvard.edu/abs/2012PNAS..10911928H},
  adsnote = {Provided by the SAO/NASA Astrophysics Data System}
}

@ARTICLE{hanasoge&all2015,
       author = {{Hanasoge}, S. and {Miesch}, M.~S. and {Roth}, M. and {Schou}, J. and
         {Sch{\"u}ssler}, M. and {Thompson}, M.~J.},
        title = "{Solar Dynamics, Rotation, Convection and Overshoot}",
      journal = {\ssr},
     keywords = {Sun, Dynamics, Rotation, Convection, Overshoot, Astrophysics - Solar and Stellar Astrophysics, Physics - Fluid Dynamics},
         year = "2015",
        month = "Dec",
       volume = {196},
       number = {1-4},
        pages = {79-99},
          doi = {10.1007/s11214-015-0144-0},
archivePrefix = {arXiv},
       eprint = {1503.08539},
 primaryClass = {astro-ph.SR},
       adsurl = {https://ui.adsabs.harvard.edu/abs/2015SSRv..196...79H},
      adsnote = {Provided by the SAO/NASA Astrophysics Data System}
}

@ARTICLE{greer&all2015,
   author = {{Greer}, B.~J. and {Hindman}, B.~W. and {Featherstone}, N.~A. and 
	{Toomre}, J.},
    title = "{Helioseismic Imaging of Fast Convective Flows throughout the Near-surface Shear Layer}",
  journal = {Astrophys J. Lett.},
archivePrefix = "arXiv",
   eprint = {1504.00699},
 primaryClass = "astro-ph.SR",
 keywords = {Sun: helioseismology},
     year = 2015,
    month = apr,
   volume = 803,
      eid = {L17},
    pages = {L17},
      doi = {10.1088/2041-8205/803/2/L17},
   adsurl = {http://adsabs.harvard.edu/abs/2015ApJ...803L..17G},
  adsnote = {Provided by the SAO/NASA Astrophysics Data System}
}

@ARTICLE{hathaway&all2015,
   author = {{Hathaway}, D.~H. and {Teil}, T. and {Norton}, A.~A. and {Kitiashvili}, I.
	},
    title = "{The Sun's Photospheric Convection Spectrum}",
  journal = {The Astrophysical Journal},
archivePrefix = "arXiv",
   eprint = {1508.03022},
 primaryClass = "astro-ph.SR",
 keywords = {convection, Sun: granulation, Sun: interior, Sun: photosphere},
     year = 2015,
    month = oct,
   volume = 811,
      eid = {105},
    pages = {105},
      doi = {10.1088/0004-637X/811/2/105},
   adsurl = {http://adsabs.harvard.edu/abs/2015ApJ...811..105H},
  adsnote = {Provided by the SAO/NASA Astrophysics Data System}
}


@ARTICLE{basu1997,
       author = {{Basu}, Sarbani},
        title = "{Seismology of the base of the solar convection zone}",
      journal = {\mnras},
     keywords = {CONVECTION, SUN: INTERIOR, SUN: MAGNETIC FIELDS, SUN: OSCILLATIONS, SUN: ROTATION},
         year = "1997",
        month = "Jul",
       volume = {288},
       number = {3},
        pages = {572-584},
          doi = {10.1093/mnras/288.3.572},
       adsurl = {https://ui.adsabs.harvard.edu/abs/1997MNRAS.288..572B},
      adsnote = {Provided by the SAO/NASA Astrophysics Data System}
}

@ARTICLE{brummell&all2002,
       author = {{Brummell}, Nicholas H. and {Clune}, Thomas L. and {Toomre}, Juri},
        title = "{Penetration and Overshooting in Turbulent Compressible Convection}",
      journal = {\apj},
     keywords = {Convection, Stars: Interiors, Sun: Interior, Turbulence},
         year = "2002",
        month = "May",
       volume = {570},
       number = {2},
        pages = {825-854},
          doi = {10.1086/339626},
       adsurl = {https://ui.adsabs.harvard.edu/abs/2002ApJ...570..825B},
      adsnote = {Provided by the SAO/NASA Astrophysics Data System}
}



@ARTICLE{rempel2004,
       author = {{Rempel}, M.},
        title = "{Overshoot at the Base of the Solar Convection Zone: A Semianalytical Approach}",
      journal = {\apj},
     keywords = {Convection, Sun: Helioseismology, Sun: Interior},
         year = "2004",
        month = "Jun",
       volume = {607},
       number = {2},
        pages = {1046-1064},
          doi = {10.1086/383605},
       adsurl = {https://ui.adsabs.harvard.edu/abs/2004ApJ...607.1046R},
      adsnote = {Provided by the SAO/NASA Astrophysics Data System}
}




@ARTICLE{hotta&all2015,
   author = {{Hotta}, H. and {Rempel}, M. and {Yokoyama}, T.},
    title = "{Efficient Small-scale Dynamo in the Solar Convection Zone}",
  journal = {\apj},
archivePrefix = "arXiv",
   eprint = {1502.03846},
 primaryClass = "astro-ph.SR",
 keywords = {dynamo, stars: interiors, Sun: interior},
     year = 2015,
    month = apr,
   volume = 803,
      eid = {42},
    pages = {42},
      doi = {10.1088/0004-637X/803/1/42},
   adsurl = {https://ui.adsabs.harvard.edu/abs/2015ApJ...803...42H},
  adsnote = {Provided by the SAO/NASA Astrophysics Data System}
}


@ARTICLE{hotta&all2016,
       author = {{Hotta}, H. and {Rempel}, M. and {Yokoyama}, T.},
        title = "{Large-scale magnetic fields at high Reynolds numbers in magnetohydrodynamic simulations}",
      journal = {Science},
     keywords = {APP PHYSICS, ASTRONOMY},
         year = "2016",
        month = "Mar",
       volume = {351},
       number = {6280},
        pages = {1427-1430},
          doi = {10.1126/science.aad1893},
       adsurl = {https://ui.adsabs.harvard.edu/abs/2016Sci...351.1427H},
      adsnote = {Provided by the SAO/NASA Astrophysics Data System}
}

@ARTICLE{hotta2017,
       author = {{Hotta}, H.},
        title = "{Solar Overshoot Region and Small-scale Dynamo with Realistic Energy Flux}",
      journal = {\apj},
     keywords = {dynamo, stars: interiors, Sun: interior, turbulence, Astrophysics - Solar and Stellar Astrophysics},
         year = "2017",
        month = "Jul",
       volume = {843},
       number = {1},
          eid = {52},
        pages = {52},
          doi = {10.3847/1538-4357/aa784b},
archivePrefix = {arXiv},
       eprint = {1706.06413},
 primaryClass = {astro-ph.SR},
       adsurl = {https://ui.adsabs.harvard.edu/abs/2017ApJ...843...52H},
      adsnote = {Provided by the SAO/NASA Astrophysics Data System}
}

@ARTICLE{kapyla2018,
       author = {{K{\"a}pyl{\"a}}, Petri J.},
        title = "{Overshooting in simulations of compressible convection}",
      journal = {arXiv e-prints},
     keywords = {Astrophysics - Solar and Stellar Astrophysics},
         year = "2018",
        month = "Dec",
          eid = {arXiv:1812.07916},
        pages = {arXiv:1812.07916},
archivePrefix = {arXiv},
       eprint = {1812.07916},
 primaryClass = {astro-ph.SR},
       adsurl = {https://ui.adsabs.harvard.edu/abs/2018arXiv181207916K},
      adsnote = {Provided by the SAO/NASA Astrophysics Data System}
}


@INPROCEEDINGS{kowalski2016,
       author = {{Kowalski}, Adam F.},
        title = "{Advances In Understanding Solar And Stellar Flares}",
     keywords = {stellar flares, solar flares, cool stars},
    booktitle = {19th Cambridge Workshop on Cool Stars, Stellar Systems, and the Sun (CS19)},
         year = "2016",
       series = {Cambridge Workshop on Cool Stars, Stellar Systems, and the Sun},
        month = "Jul",
          eid = {127},
        pages = {127},
          doi = {10.5281/zenodo.59179},
       adsurl = {https://ui.adsabs.harvard.edu/abs/2016csss.confE.127K},
      adsnote = {Provided by the SAO/NASA Astrophysics Data System}
}




% My paper
@ARTICLE{anders&brown2017,
   author = {{Anders}, E.~H. and {Brown}, B.~P.},
    title = "{Convective heat transport in stratified atmospheres at low and high Mach number}",
  journal = {Physical Review Fluids},
archivePrefix = "arXiv",
   eprint = {1611.06580},
 primaryClass = "physics.flu-dyn",
     year = 2017,
    month = aug,
   volume = 2,
   number = 8,
      eid = {083501},
    pages = {083501},
      doi = {10.1103/PhysRevFluids.2.083501},
   adsurl = {http://adsabs.harvard.edu/abs/2017PhRvF...2h3501A},
  adsnote = {Provided by the SAO/NASA Astrophysics Data System}
}

% Internal Heating
@ARTICLE{goluskin&spiegel2012,
   author = {{Goluskin}, D. and {Spiegel}, E.~A.},
    title = "{Convection driven by internal heating}",
  journal = {Physics Letters A},
archivePrefix = "arXiv",
   eprint = {1210.8154},
 primaryClass = "physics.flu-dyn",
 keywords = {Internally heated convection, High Rayleigh number, Direct numerical simulation},
     year = 2012,
    month = dec,
   volume = 377,
    pages = {83-92},
      doi = {10.1016/j.physleta.2012.10.037},
   adsurl = {http://adsabs.harvard.edu/abs/2012PhLA..377...83G},
  adsnote = {Provided by the SAO/NASA Astrophysics Data System}
}

%kramers' opacity
@ARTICLE{barekat&brandenburg2014,
   author = {{Barekat}, A. and {Brandenburg}, A.},
    title = "{Near-polytropic stellar simulations with a radiative surface}",
  journal = {Astronomy \& Astrophysics},
archivePrefix = "arXiv",
   eprint = {1308.1660},
 primaryClass = "astro-ph.SR",
 keywords = {radiative transfer, hydrodynamics, Sun: atmosphere},
     year = 2014,
    month = nov,
   volume = 571,
      eid = {A68},
    pages = {A68},
      doi = {10.1051/0004-6361/201322461},
   adsurl = {http://adsabs.harvard.edu/abs/2014A%26A...571A..68B},
  adsnote = {Provided by the SAO/NASA Astrophysics Data System}
}


@ARTICLE{brandenburg2016,
   author = {{Brandenburg}, A.},
    title = "{Stellar Mixing Length Theory with Entropy Rain}",
  journal = {The Astrophysical Journal},
archivePrefix = "arXiv",
   eprint = {1504.03189},
 primaryClass = "astro-ph.SR",
 keywords = {convection, Sun: granulation, turbulence },
     year = 2016,
    month = nov,
   volume = 832,
      eid = {6},
    pages = {6},
      doi = {10.3847/0004-637X/832/1/6},
   adsurl = {http://adsabs.harvard.edu/abs/2016ApJ...832....6B},
  adsnote = {Provided by the SAO/NASA Astrophysics Data System}
}

% Dedalus ASCL
@MISC{burns&all2016,
   author = {{Burns}, K. and {Vasil}, G. and {Oishi}, J. and {Lecoanet}, D. and 
	{Brown}, B.},
    title = "{Dedalus: Flexible framework for spectrally solving differential equations}",
 keywords = {Software},
howpublished = {Astrophysics Source Code Library},
     year = 2016,
    month = mar,
archivePrefix = "ascl",
   eprint = {1603.015},
   adsurl = {http://adsabs.harvard.edu/abs/2016ascl.soft03015B},
  adsnote = {Provided by the SAO/NASA Astrophysics Data System}
}

@ARTICLE{gastine&all2014,
   author = {{Gastine}, T. and {Yadav}, R.~K. and {Morin}, J. and {Reiners}, A. and 
	{Wicht}, J.},
    title = "{From solar-like to antisolar differential rotation in cool stars}",
  journal = {\mnras},
archivePrefix = "arXiv",
   eprint = {1311.3047},
 primaryClass = "astro-ph.SR",
 keywords = {convection, MHD, turbulence, Sun: rotation, stars: rotation},
     year = 2014,
    month = feb,
   volume = 438,
    pages = {L76-L80},
      doi = {10.1093/mnrasl/slt162},
   adsurl = {http://adsabs.harvard.edu/abs/2014MNRAS.438L..76G},
  adsnote = {Provided by the SAO/NASA Astrophysics Data System}
}



%hydrogen ionization convection
@ARTICLE{rast&toomre1993,
   author = {{Rast}, M.~P. and {Toomre}, J.},
    title = "{Compressible Convection with Ionization. II. Thermal Boundary-Layer Instability}",
  journal = {The Astrophysical Journal},
 keywords = {CONVECTION, HYDRODYNAMICS, STARS: INTERIORS},
     year = 1993,
    month = dec,
   volume = 419,
    pages = {240},
      doi = {10.1086/173478},
   adsurl = {http://adsabs.harvard.edu/abs/1993ApJ...419..240R},
  adsnote = {Provided by the SAO/NASA Astrophysics Data System}
}

@ARTICLE{paxton&all2011,
       author = {{Paxton}, Bill and {Bildsten}, Lars and {Dotter}, Aaron and
         {Herwig}, Falk and {Lesaffre}, Pierre and {Timmes}, Frank},
        title = "{Modules for Experiments in Stellar Astrophysics (MESA)}",
      journal = {The Astrophysical Journal Supplement},
     keywords = {methods: numerical, stars: evolution, stars: general, Astrophysics - Solar and Stellar Astrophysics, Astrophysics - Instrumentation and Methods for Astrophysics},
         year = "2011",
        month = "Jan",
       volume = {192},
       number = {1},
          eid = {3},
        pages = {3},
          doi = {10.1088/0067-0049/192/1/3},
archivePrefix = {arXiv},
       eprint = {1009.1622},
 primaryClass = {astro-ph.SR},
       adsurl = {https://ui.adsabs.harvard.edu/abs/2011ApJS..192....3P},
      adsnote = {Provided by the SAO/NASA Astrophysics Data System}
}

% moist convection in exoplanets with cloud formation
@ARTICLE{leconte&all2017,
   author = {{Leconte}, J. and {Selsis}, F. and {Hersant}, F. and {Guillot}, T.
	},
    title = "{Condensation-inhibited convection in hydrogen-rich atmospheres . Stability against double-diffusive processes and thermal profiles for Jupiter, Saturn, Uranus, and Neptune}",
  journal = {Astronomy \& Astrophysics},
archivePrefix = "arXiv",
   eprint = {1610.05506},
 primaryClass = "astro-ph.EP",
 keywords = {planets and satellites: atmospheres, convection},
     year = 2017,
    month = feb,
   volume = 598,
      eid = {A98},
    pages = {A98},
      doi = {10.1051/0004-6361/201629140},
   adsurl = {http://adsabs.harvard.edu/abs/2017A%26A...598A..98L},
  adsnote = {Provided by the SAO/NASA Astrophysics Data System}
}

@ARTICLE{townsend&teitler2013,
       author = {{Townsend}, R.~H.~D. and {Teitler}, S.~A.},
        title = "{GYRE: an open-source stellar oscillation code based on a new Magnus Multiple Shooting scheme}",
      journal = {\mnras},
     keywords = {methods: numerical, stars: evolution, stars: interiors, stars: oscillations, stars: variables: general, Astrophysics - Solar and Stellar Astrophysics},
         year = "2013",
        month = "Nov",
       volume = {435},
       number = {4},
        pages = {3406-3418},
          doi = {10.1093/mnras/stt1533},
archivePrefix = {arXiv},
       eprint = {1308.2965},
 primaryClass = {astro-ph.SR},
       adsurl = {https://ui.adsabs.harvard.edu/abs/2013MNRAS.435.3406T},
      adsnote = {Provided by the SAO/NASA Astrophysics Data System}
}



@ARTICLE{featherstone&hindman2016,
       author = {{Featherstone}, Nicholas A. and {Hindman}, Bradley W.},
        title = "{The Emergence of Solar Supergranulation as a Natural Consequence of Rotationally Constrained Interior Convection}",
      journal = {The Astrophysical Journal Letters},
     keywords = {stars: fundamental parameters, stars: interiors, stars: kinematics and dynamics, Sun: helioseismology, Sun: interior, Sun: magnetic fields, Astrophysics - Solar and Stellar Astrophysics},
         year = "2016",
        month = "Oct",
       volume = {830},
       number = {1},
          eid = {L15},
        pages = {L15},
          doi = {10.3847/2041-8205/830/1/L15},
archivePrefix = {arXiv},
       eprint = {1609.05153},
 primaryClass = {astro-ph.SR},
       adsurl = {https://ui.adsabs.harvard.edu/abs/2016ApJ...830L..15F},
      adsnote = {Provided by the SAO/NASA Astrophysics Data System}
}

@ARTICLE{brun&all2017,
       author = {{Brun}, Allan Sacha and {Strugarek}, Antoine and {Varela}, Jacobo and
        {Matt}, Sean P. and {Augustson}, Kyle C. and {Emeriau},
        Constance and {DoCao}, Olivier Long and {Brown}, Benjamin and
        {Toomre}, Juri},
        title = "{On Differential Rotation and Overshooting in Solar-like Stars}",
      journal = {\apj},
     keywords = {convection, hydrodynamics, stars: activity, stars: rotation, stars:
        solar-type, Astrophysics - Solar and Stellar Astrophysics},
         year = 2017,
        month = Feb,
       volume = {836},
          eid = {192},
        pages = {192},
          doi = {10.3847/1538-4357/aa5c40},
archivePrefix = {arXiv},
       eprint = {1702.06598},
 primaryClass = {astro-ph.SR},
       adsurl = {https://ui.adsabs.harvard.edu/\#abs/2017ApJ...836..192B},
      adsnote = {Provided by the SAO/NASA Astrophysics Data System}
}

@ARTICLE{kapyla&all2017,
       author = {{K{\"a}pyl{\"a}}, Petri J. and {Rheinhardt}, Matthias and {Brand
        enburg}, Axel and {Arlt}, Rainer and {K{\"a}pyl{\"a}}, Maarit J. and
         {Lagg}, Andreas and {Olspert}, Nigul and {Warnecke}, J{\"o}rn},
        title = "{Extended Subadiabatic Layer in Simulations of Overshooting Convection}",
      journal = {The Astrophysical Journal Letters},
     keywords = {convection, hydrodynamics, turbulence, Astrophysics - Solar and Stellar Astrophysics},
         year = "2017",
        month = "Aug",
       volume = {845},
       number = {2},
          eid = {L23},
        pages = {L23},
          doi = {10.3847/2041-8213/aa83ab},
archivePrefix = {arXiv},
       eprint = {1703.06845},
 primaryClass = {astro-ph.SR},
       adsurl = {https://ui.adsabs.harvard.edu/abs/2017ApJ...845L..23K},
      adsnote = {Provided by the SAO/NASA Astrophysics Data System}
}



@ARTICLE{lecoanet&jeevanjee2019,
       author = {{Lecoanet}, Daniel and {Jeevanjee}, Nadir},
        title = "{Entrainment in Resolved, Dry Thermals}",
      journal = {arXiv e-prints},
     keywords = {Physics - Fluid Dynamics, Physics - Atmospheric and Oceanic Physics},
         year = "2018",
        month = "Apr",
          eid = {arXiv:1804.09326},
        pages = {arXiv:1804.09326},
archivePrefix = {arXiv},
       eprint = {1804.09326},
 primaryClass = {physics.flu-dyn},
       adsurl = {https://ui.adsabs.harvard.edu/abs/2018arXiv180409326L},
      adsnote = {Provided by the SAO/NASA Astrophysics Data System}
}

@ARTICLE{anders&all2018,
       author = {{Anders}, Evan H. and {Brown}, Benjamin P. and {Oishi}, Jeffrey S.},
        title = "{Accelerated evolution of convective simulations}",
      journal = {Physical Review Fluids},
     keywords = {Physics - Fluid Dynamics, Astrophysics - Solar and Stellar Astrophysics},
         year = "2018",
        month = "Aug",
       volume = {3},
       number = {8},
          eid = {083502},
        pages = {083502},
          doi = {10.1103/PhysRevFluids.3.083502},
archivePrefix = {arXiv},
       eprint = {1807.06687},
 primaryClass = {physics.flu-dyn},
       adsurl = {https://ui.adsabs.harvard.edu/abs/2018PhRvF...3h3502A},
      adsnote = {Provided by the SAO/NASA Astrophysics Data System}
}


@ARTICLE{anders&all2019,
       author = {{Anders}, Evan H. and {Manduca}, Cathryn M. and {Brown}, Benjamin P. and
         {Oishi}, Jeffrey S. and {Vasil}, Geoffrey M.},
        title = "{Predicting the Rossby Number in Convective Experiments}",
      journal = {The Astrophysical Journal},
     keywords = {convection, dynamo, hydrodynamics, Sun: rotation, turbulence, Astrophysics - Solar and Stellar Astrophysics, Astrophysics - Earth and Planetary Astrophysics, Physics - Fluid Dynamics},
         year = "2019",
        month = "Feb",
       volume = {872},
       number = {2},
          eid = {138},
        pages = {138},
          doi = {10.3847/1538-4357/aaff61},
archivePrefix = {arXiv},
       eprint = {1812.04518},
 primaryClass = {astro-ph.SR},
       adsurl = {https://ui.adsabs.harvard.edu/abs/2019ApJ...872..138A},
      adsnote = {Provided by the SAO/NASA Astrophysics Data System}
}


@ARTICLE{andersLB2019,
       author = {{Anders}, Evan H. and {Lecoanet}, Daniel and {Brown}, Benjamin P.},
        title = "{Entropy Rain: Dilution and Compression of Thermals in Stratified Domains}",
      journal = {arXiv e-prints},
     keywords = {Astrophysics - Solar and Stellar Astrophysics, Physics - Atmospheric and Oceanic Physics, Physics - Fluid Dynamics},
         year = "2019",
        month = "Jun",
          eid = {arXiv:1906.02342},
        pages = {arXiv:1906.02342},
archivePrefix = {arXiv},
       eprint = {1906.02342},
 primaryClass = {astro-ph.SR},
       adsurl = {https://ui.adsabs.harvard.edu/abs/2019arXiv190602342A},
      adsnote = {Provided by the SAO/NASA Astrophysics Data System}
}

@ARTICLE{jorgensen&weiss2019,
       author = {{J{\o}rgensen}, Andreas Christ S{\o}lvsten and {Weiss}, Achim},
        title = "{Overcoming the structural surface effect with a realistic treatment of turbulent convection in 1D stellar models}",
      journal = {Monthly Notices of the Royal Astronomical Society},
     keywords = {asteroseismology, stars: atmospheres, stars: interiors, Astrophysics - Solar and Stellar Astrophysics},
         year = "2019",
        month = "Sep",
       volume = {488},
       number = {3},
        pages = {3463-3473},
          doi = {10.1093/mnras/stz1980},
archivePrefix = {arXiv},
       eprint = {1907.06039},
 primaryClass = {astro-ph.SR},
       adsurl = {https://ui.adsabs.harvard.edu/abs/2019MNRAS.488.3463J},
      adsnote = {Provided by the SAO/NASA Astrophysics Data System}
}

@ARTICLE{burns&all2019,
       author = {{Burns}, Keaton J. and {Vasil}, Geoffrey M. and {Oishi}, Jeffrey S. and
         {Lecoanet}, Daniel and {Brown}, Benjamin P.},
        title = "{Dedalus: A Flexible Framework for Numerical Simulations with Spectral Methods}",
      journal = {arXiv e-prints},
     keywords = {Astrophysics - Instrumentation and Methods for Astrophysics, Physics - Computational Physics, Physics - Fluid Dynamics},
         year = "2019",
        month = "May",
          eid = {arXiv:1905.10388},
        pages = {arXiv:1905.10388},
archivePrefix = {arXiv},
       eprint = {1905.10388},
 primaryClass = {astro-ph.IM},
       adsurl = {https://ui.adsabs.harvard.edu/abs/2019arXiv190510388B},
      adsnote = {Provided by the SAO/NASA Astrophysics Data System}
}



%%%%%%%%%%%%%% Refs from thompson conf
@ARTICLE{2019arXiv190802897S,
       author = {{Santos}, A.~R.~G. and {Campante}, T.~L. and {Chaplin}, W.~J. and
         {Cunha}, M.~S. and {van Saders}, J.~L. and {Karoff}, C. and
         {Metcalfe}, T.~S. and {Mathur}, S. and {Garcia}, R.~A. and
         {Lund}, M.~N. and {Kiefer}, R. and {Silva Aguirre}, V. and
         {Davies}, G.~R. and {Howe}, R. and {Elsworth}, Y.},
        title = "{Signatures of magnetic activity: On the relation between stellar properties and p-mode frequency variations}",
      journal = {arXiv e-prints},
     keywords = {Astrophysics - Solar and Stellar Astrophysics},
         year = "2019",
        month = "Aug",
          eid = {arXiv:1908.02897},
        pages = {arXiv:1908.02897},
archivePrefix = {arXiv},
       eprint = {1908.02897},
 primaryClass = {astro-ph.SR},
       adsurl = {https://ui.adsabs.harvard.edu/abs/2019arXiv190802897S},
      adsnote = {Provided by the SAO/NASA Astrophysics Data System}
}

@ARTICLE{2019ARA&A..57...35A,
       author = {{Aerts}, Conny and {Mathis}, St{\'e}phane and {Rogers}, Tamara M.},
        title = "{Angular Momentum Transport in Stellar Interiors}",
      journal = {\araa},
     keywords = {Astrophysics - Solar and Stellar Astrophysics},
         year = "2019",
        month = "Aug",
       volume = {57},
        pages = {35-78},
          doi = {10.1146/annurev-astro-091918-104359},
archivePrefix = {arXiv},
       eprint = {1809.07779},
 primaryClass = {astro-ph.SR},
       adsurl = {https://ui.adsabs.harvard.edu/abs/2019ARA&A..57...35A},
      adsnote = {Provided by the SAO/NASA Astrophysics Data System}
}

@ARTICLE{2019arXiv190805282B,
       author = {{Basu}, Sarbani and {Antia}, H.~M.},
        title = "{Changes in the solar rotation over two solar cycles}",
      journal = {arXiv e-prints},
     keywords = {Astrophysics - Solar and Stellar Astrophysics},
         year = "2019",
        month = "Aug",
          eid = {arXiv:1908.05282},
        pages = {arXiv:1908.05282},
archivePrefix = {arXiv},
       eprint = {1908.05282},
 primaryClass = {astro-ph.SR},
       adsurl = {https://ui.adsabs.harvard.edu/abs/2019arXiv190805282B},
      adsnote = {Provided by the SAO/NASA Astrophysics Data System}
}

@ARTICLE{santos&all2019b,
       author = {{Santos}, A.~R.~G. and {Garc{\'\i}a}, R.~A. and {Mathur}, S. and
         {Bugnet}, L. and {van Saders}, J.~L. and {Metcalfe}, T.~S. and
         {Simonian}, G.~V.~A. and {Pinsonneault}, M.~H.},
        title = "{Surface rotation and photometric activity for Kepler targets I. M and K main-sequence stars}",
      journal = {arXiv e-prints},
     keywords = {Astrophysics - Solar and Stellar Astrophysics},
         year = "2019",
        month = "Aug",
          eid = {arXiv:1908.05222},
        pages = {arXiv:1908.05222},
archivePrefix = {arXiv},
       eprint = {1908.05222},
 primaryClass = {astro-ph.SR},
       adsurl = {https://ui.adsabs.harvard.edu/abs/2019arXiv190805222S},
      adsnote = {Provided by the SAO/NASA Astrophysics Data System}
}

@ARTICLE{2019FrASS...6...46M,
       author = {{Mathur}, Savita and {Garc{\'\i}a}, Rafael A. and {Bugnet}, Lisa and
         {Santos}, {\^A}ngela R.~G. and {Santiago}, Netsha and {Beck}, Paul G.},
        title = "{Revisiting the impact of stellar magnetic activity on the detection of solar-like oscillations by Kepler}",
      journal = {Frontiers in Astronomy and Space Sciences},
     keywords = {Asteroseismology-stars, Rotation - Stars, magnetic activity, solar-like oscillations, Solar-like stars: fundamental parameters, spectroscopy, Astrophysics - Solar and Stellar Astrophysics},
         year = "2019",
        month = "Jul",
       volume = {6},
          eid = {46},
        pages = {46},
          doi = {10.3389/fspas.2019.00046},
archivePrefix = {arXiv},
       eprint = {1907.01415},
 primaryClass = {astro-ph.SR},
       adsurl = {https://ui.adsabs.harvard.edu/abs/2019FrASS...6...46M},
      adsnote = {Provided by the SAO/NASA Astrophysics Data System}
}

@ARTICLE{huber&all2019,
       author = {{Huber}, Daniel and {Basu}, Sarbani and {Beck}, Paul and
         {Bedding}, Timothy R. and {Buzasi}, Derek and {Cantiello}, Matteo and
         {Chaplin}, William J. and {Christiansen}, Jessie L. and {Cunha}, Katia and
         {Egeland}, Ricky and {Fuller}, Jim and {Garcia}, Rafael A. and
         {Gies}, Douglas R. and {Guzik}, Joyce and {Hekker}, Saskia and
         {Hermes}, JJ and {Jackiewicz}, Jason and {Johnson}, Jennifer and
         {Kawaler}, Steve and {Metcalfe}, Travis and {Mosser}, Benoit and
         {Ness}, Melissa and {Pinsonneault}, Marc and {Piro}, Anthony L. and
         {Aguirre}, Victor Silva and {Soderblom}, David and {Stassun}, Keivan and
         {Tayar}, Jamie and {ten Brummelaar}, Theo and {Roettenbacher}, Rachael and
         {Trampedach}, Regner and {van Belle}, Gerard and
         {van Saders}, Jennifer and {Stello}, Dennis},
        title = "{Stellar Physics and Galactic Archaeology using Asteroseismology in the 2020's}",
      journal = {\baas},
         year = "2019",
        month = "May",
       volume = {51},
       number = {3},
          eid = {488},
        pages = {488},
       adsurl = {https://ui.adsabs.harvard.edu/abs/2019BAAS...51c.488H},
      adsnote = {Provided by the SAO/NASA Astrophysics Data System}
}

@ARTICLE{thomas&all2019,
       author = {{Thomas}, Alexandra E.~L. and {Chaplin}, William J. and
         {Davies}, Guy R. and {Howe}, Rachel and {Santos}, {\'A}ngela R.~G. and
         {Elsworth}, Yvonne and {Miglio}, Andrea and {Campante}, Tiago and
         {Cunha}, Margarida S.},
        title = "{Asteroseismic constraints on active latitudes of solar-type stars: HD 173701 has active bands at higher latitudes than the Sun}",
      journal = {\mnras},
     keywords = {asteroseismology, stars: activity, stars: individual (HD 173701), Astrophysics - Solar and Stellar Astrophysics},
         year = "2019",
        month = "May",
       volume = {485},
       number = {3},
        pages = {3857-3868},
          doi = {10.1093/mnras/stz672},
archivePrefix = {arXiv},
       eprint = {1903.04998},
 primaryClass = {astro-ph.SR},
       adsurl = {https://ui.adsabs.harvard.edu/abs/2019MNRAS.485.3857T},
      adsnote = {Provided by the SAO/NASA Astrophysics Data System}
}

@ARTICLE{2019MNRAS.485.3661F,
       author = {{Fuller}, Jim and {Piro}, Anthony L. and {Jermyn}, Adam S.},
        title = "{Slowing the spins of stellar cores}",
      journal = {\mnras},
     keywords = {asteroseismology, instabilities, MHD, stars: evolution, stars: interiors, stars: rotation, Astrophysics - Solar and Stellar Astrophysics},
         year = "2019",
        month = "May",
       volume = {485},
       number = {3},
        pages = {3661-3680},
          doi = {10.1093/mnras/stz514},
archivePrefix = {arXiv},
       eprint = {1902.08227},
 primaryClass = {astro-ph.SR},
       adsurl = {https://ui.adsabs.harvard.edu/abs/2019MNRAS.485.3661F},
      adsnote = {Provided by the SAO/NASA Astrophysics Data System}
}

@ARTICLE{2019A&A...624A..75A,
       author = {{Aerts}, C. and {Pedersen}, M.~G. and {Vermeyen}, E. and {Hendriks}, L. and
         {Johnston}, C. and {Tkachenko}, A. and {P{\'a}pics}, P.~I. and
         {Debosscher}, J. and {Briquet}, M. and {Thoul}, A. and {Rainer}, M. and
         {Poretti}, E.},
        title = "{Combined asteroseismology, spectroscopy, and astrometry of the CoRoT B2V target HD 170580}",
      journal = {\aap},
     keywords = {asteroseismology, stars: evolution, stars: interiors, stars: rotation, stars: oscillations, stars: individual: HD 170580, Astrophysics - Solar and Stellar Astrophysics},
         year = "2019",
        month = "Apr",
       volume = {624},
          eid = {A75},
        pages = {A75},
          doi = {10.1051/0004-6361/201834762},
archivePrefix = {arXiv},
       eprint = {1902.04093},
 primaryClass = {astro-ph.SR},
       adsurl = {https://ui.adsabs.harvard.edu/abs/2019A&A...624A..75A},
      adsnote = {Provided by the SAO/NASA Astrophysics Data System}
}

@ARTICLE{2019A&A...623A.125B,
       author = {{Bazot}, M. and {Benomar}, O. and {Christensen-Dalsgaard}, J. and
         {Gizon}, L. and {Hanasoge}, S. and {Nielsen}, M. and {Petit}, P. and
         {Sreenivasan}, K.~R.},
        title = "{Latitudinal differential rotation in the solar analogues 16 Cygni A and B}",
      journal = {\aap},
     keywords = {asteroseismology, stars: oscillations, stars: rotation, stars: solar-type, methods: statistical, methods: data analysis, Astrophysics - Solar and Stellar Astrophysics},
         year = "2019",
        month = "Mar",
       volume = {623},
          eid = {A125},
        pages = {A125},
          doi = {10.1051/0004-6361/201834594},
archivePrefix = {arXiv},
       eprint = {1902.01676},
 primaryClass = {astro-ph.SR},
       adsurl = {https://ui.adsabs.harvard.edu/abs/2019A&A...623A.125B},
      adsnote = {Provided by the SAO/NASA Astrophysics Data System}
}

@ARTICLE{schofield&all2019,
       author = {{Schofield}, Mathew and {Chaplin}, William J. and {Huber}, Daniel and
         {Campante}, Tiago L. and {Davies}, Guy R. and {Miglio}, Andrea and
         {Ball}, Warrick H. and {Appourchaux}, Thierry and {Basu}, Sarbani and
         {Bedding}, Timothy R. and {Christensen-Dalsgaard}, J{\o}rgen and
         {Creevey}, Orlagh and {Garc{\'\i}a}, Rafael A. and {Handberg}, Rasmus and
         {Kawaler}, Steven D. and {Kjeldsen}, Hans and {Latham}, David W. and
         {Lund}, Mikkel N. and {Metcalfe}, Travis S. and {Ricker}, George R. and
         {Serenelli}, Aldo and {Silva Aguirre}, Victor and {Stello}, Dennis and
         {Vanderspek}, Roland},
        title = "{The Asteroseismic Target List for Solar-like Oscillators Observed in 2 minute Cadence with the Transiting Exoplanet Survey Satellite}",
      journal = {\apjs},
     keywords = {catalogs, space vehicles: instruments, stars: fundamental parameters, stars: oscillations, surveys, Astrophysics - Solar and Stellar Astrophysics},
         year = "2019",
        month = "Mar",
       volume = {241},
       number = {1},
          eid = {12},
        pages = {12},
          doi = {10.3847/1538-4365/ab04f5},
archivePrefix = {arXiv},
       eprint = {1901.10148},
 primaryClass = {astro-ph.SR},
       adsurl = {https://ui.adsabs.harvard.edu/abs/2019ApJS..241...12S},
      adsnote = {Provided by the SAO/NASA Astrophysics Data System}
}

@ARTICLE{2019ApJ...871L..32H,
       author = {{Hanasoge}, Shravan and {Mandal}, Krishnendu},
        title = "{Detection of Rossby Waves in the Sun using Normal-mode Coupling}",
      journal = {\apjl},
     keywords = {catalogs, miscellaneous, Sun: helioseismology, surveys, waves},
         year = "2019",
        month = "Feb",
       volume = {871},
       number = {2},
          eid = {L32},
        pages = {L32},
          doi = {10.3847/2041-8213/aaff60},
       adsurl = {https://ui.adsabs.harvard.edu/abs/2019ApJ...871L..32H},
      adsnote = {Provided by the SAO/NASA Astrophysics Data System}
}

@ARTICLE{buldgen2019,
       author = {{Buldgen}, G.},
        title = "{Current problems in stellar evolution}",
      journal = {arXiv e-prints},
     keywords = {Astrophysics - Solar and Stellar Astrophysics},
         year = "2019",
        month = "Feb",
          eid = {arXiv:1902.10399},
        pages = {arXiv:1902.10399},
archivePrefix = {arXiv},
       eprint = {1902.10399},
 primaryClass = {astro-ph.SR},
       adsurl = {https://ui.adsabs.harvard.edu/abs/2019arXiv190210399B},
      adsnote = {Provided by the SAO/NASA Astrophysics Data System}
}

@ARTICLE{2019A&A...622A..85N,
       author = {{Nielsen}, M.~B. and {Gizon}, L. and {Cameron}, R.~H. and {Miesch}, M.},
        title = "{Starspot rotation rates versus activity cycle phase: Butterfly diagrams of Kepler stars are unlike that of the Sun}",
      journal = {\aap},
     keywords = {methods: data analysis, techniques: photometric, stars: activity, stars: rotation, starspots, Astrophysics - Solar and Stellar Astrophysics},
         year = "2019",
        month = "Feb",
       volume = {622},
          eid = {A85},
        pages = {A85},
          doi = {10.1051/0004-6361/201834373},
archivePrefix = {arXiv},
       eprint = {1812.06414},
 primaryClass = {astro-ph.SR},
       adsurl = {https://ui.adsabs.harvard.edu/abs/2019A&A...622A..85N},
      adsnote = {Provided by the SAO/NASA Astrophysics Data System}
}

@ARTICLE{2019A&A...622A.130B,
       author = {{Bellinger}, E.~P. and {Hekker}, S. and {Angelou}, G.~C. and
         {Stokholm}, A. and {Basu}, S.},
        title = "{Stellar ages, masses, and radii from asteroseismic modeling are robust to systematic errors in spectroscopy}",
      journal = {\aap},
     keywords = {asteroseismology, stars: abundances, stars: low-mass, planets and satellites: fundamental parameters, stars: oscillations, stars: evolution, Astrophysics - Solar and Stellar Astrophysics},
         year = "2019",
        month = "Feb",
       volume = {622},
          eid = {A130},
        pages = {A130},
          doi = {10.1051/0004-6361/201834461},
archivePrefix = {arXiv},
       eprint = {1812.06979},
 primaryClass = {astro-ph.SR},
       adsurl = {https://ui.adsabs.harvard.edu/abs/2019A&A...622A.130B},
      adsnote = {Provided by the SAO/NASA Astrophysics Data System}
}

@ARTICLE{2019A&A...621A..33B,
       author = {{Buldgen}, G. and {Salmon}, S.~J.~A.~J. and {Noels}, A. and
         {Scuflaire}, R. and {Montalban}, J. and {Baturin}, V.~A. and
         {Eggenberger}, P. and {Gryaznov}, V.~K. and {Iosilevskiy}, I.~L. and
         {Meynet}, G. and {Chaplin}, W.~J. and {Miglio}, A. and
         {Oreshina}, A.~V. and {Richard}, O. and {Starostin}, A.~N.},
        title = "{Combining multiple structural inversions to constrain the solar modelling problem}",
      journal = {\aap},
     keywords = {Sun: helioseismology, Sun: fundamental parameters, Sun: oscillations, Sun: interior, Astrophysics - Solar and Stellar Astrophysics},
         year = "2019",
        month = "Jan",
       volume = {621},
          eid = {A33},
        pages = {A33},
          doi = {10.1051/0004-6361/201833971},
archivePrefix = {arXiv},
       eprint = {1809.08958},
 primaryClass = {astro-ph.SR},
       adsurl = {https://ui.adsabs.harvard.edu/abs/2019A&A...621A..33B},
      adsnote = {Provided by the SAO/NASA Astrophysics Data System}
}

@ARTICLE{benomar&all2018,
       author = {{Benomar}, O. and {Bazot}, M. and {Nielsen}, M.~B. and {Gizon}, L. and
         {Sekii}, T. and {Takata}, M. and {Hotta}, H. and {Hanasoge}, S. and
         {Sreenivasan}, K.~R. and {Christensen-Dalsgaard}, J.},
        title = "{Asteroseismic detection of latitudinal differential rotation in 13 Sun-like stars}",
      journal = {Science},
     keywords = {ASTRONOMY; PHYSICS, Astrophysics - Solar and Stellar Astrophysics},
         year = "2018",
        month = "Sep",
       volume = {361},
       number = {6408},
        pages = {1231-1234},
          doi = {10.1126/science.aao6571},
archivePrefix = {arXiv},
       eprint = {1809.07938},
 primaryClass = {astro-ph.SR},
       adsurl = {https://ui.adsabs.harvard.edu/abs/2018Sci...361.1231B},
      adsnote = {Provided by the SAO/NASA Astrophysics Data System}
}

@ARTICLE{2018A&A...616A..24G,
       author = {{Gehan}, C. and {Mosser}, B. and {Michel}, E. and {Samadi}, R. and
         {Kallinger}, T.},
        title = "{Core rotation braking on the red giant branch for various mass ranges}",
      journal = {\aap},
     keywords = {asteroseismology, methods: data analysis, stars: interiors, stars: oscillations, stars: rotation, stars: solar-type, Astrophysics - Solar and Stellar Astrophysics},
         year = "2018",
        month = "Aug",
       volume = {616},
          eid = {A24},
        pages = {A24},
          doi = {10.1051/0004-6361/201832822},
archivePrefix = {arXiv},
       eprint = {1802.04558},
 primaryClass = {astro-ph.SR},
       adsurl = {https://ui.adsabs.harvard.edu/abs/2018A&A...616A..24G},
      adsnote = {Provided by the SAO/NASA Astrophysics Data System}
}

@ARTICLE{strugarek&all2018,
       author = {{Strugarek}, A. and {Beaudoin}, P. and {Charbonneau}, P. and
         {Brun}, A.~S.},
        title = "{On the Sensitivity of Magnetic Cycles in Global Simulations of Solar-like Stars}",
      journal = {\apj},
     keywords = {dynamo, MHD, stars: magnetic field, stars: solar-type, Sun: magnetic fields, Astrophysics - Solar and Stellar Astrophysics},
         year = "2018",
        month = "Aug",
       volume = {863},
       number = {1},
          eid = {35},
        pages = {35},
          doi = {10.3847/1538-4357/aacf9e},
archivePrefix = {arXiv},
       eprint = {1806.09484},
 primaryClass = {astro-ph.SR},
       adsurl = {https://ui.adsabs.harvard.edu/abs/2018ApJ...863...35S},
      adsnote = {Provided by the SAO/NASA Astrophysics Data System}
}

@ARTICLE{santos&all2018,
       author = {{Santos}, A.~R.~G. and {Campante}, T.~L. and {Chaplin}, W.~J. and
         {Cunha}, M.~S. and {Lund}, M.~N. and {Kiefer}, R. and {Salabert}, D. and
         {Garc{\'\i}a}, R.~A. and {Davies}, G.~R. and {Elsworth}, Y. and
         {Howe}, R.},
        title = "{Signatures of Magnetic Activity in the Seismic Data of Solar-type Stars Observed by Kepler}",
      journal = {\apjs},
     keywords = {asteroseismology, methods: data analysis, stars: activity, stars: oscillations, stars: solar-type, Astrophysics - Solar and Stellar Astrophysics},
         year = "2018",
        month = "Jul",
       volume = {237},
       number = {1},
          eid = {17},
        pages = {17},
          doi = {10.3847/1538-4365/aac9b6},
archivePrefix = {arXiv},
       eprint = {1806.00136},
 primaryClass = {astro-ph.SR},
       adsurl = {https://ui.adsabs.harvard.edu/abs/2018ApJS..237...17S},
      adsnote = {Provided by the SAO/NASA Astrophysics Data System}
}

@ARTICLE{yu&all2018,
       author = {{Yu}, Jie and {Huber}, Daniel and {Bedding}, Timothy R. and
         {Stello}, Dennis and {Hon}, Marc and {Murphy}, Simon J. and
         {Khanna}, Shourya},
        title = "{Asteroseismology of 16,000 Kepler Red Giants: Global Oscillation Parameters, Masses, and Radii}",
      journal = {\apjs},
     keywords = {catalogs, stars: fundamental parameters, stars: oscillations, techniques: photometric, Astrophysics - Solar and Stellar Astrophysics},
         year = "2018",
        month = "Jun",
       volume = {236},
       number = {2},
          eid = {42},
        pages = {42},
          doi = {10.3847/1538-4365/aaaf74},
archivePrefix = {arXiv},
       eprint = {1802.04455},
 primaryClass = {astro-ph.SR},
       adsurl = {https://ui.adsabs.harvard.edu/abs/2018ApJS..236...42Y},
      adsnote = {Provided by the SAO/NASA Astrophysics Data System}
}

@ARTICLE{2018NatAs...2..568L,
       author = {{L{\"o}ptien}, Bj{\"o}rn and {Gizon}, Laurent and {Birch}, Aaron C. and
         {Schou}, Jesper and {Proxauf}, Bastian and {Duvall}, Thomas L. and
         {Bogart}, Richard S. and {Christensen}, Ulrich R.},
        title = "{Global-scale equatorial Rossby waves as an essential component of solar internal dynamics}",
      journal = {Nature Astronomy},
     keywords = {Astrophysics - Solar and Stellar Astrophysics},
         year = "2018",
        month = "May",
       volume = {2},
        pages = {568-573},
          doi = {10.1038/s41550-018-0460-x},
archivePrefix = {arXiv},
       eprint = {1805.07244},
 primaryClass = {astro-ph.SR},
       adsurl = {https://ui.adsabs.harvard.edu/abs/2018NatAs...2..568L},
      adsnote = {Provided by the SAO/NASA Astrophysics Data System}
}

@ARTICLE{2018ApJ...854...74K,
       author = {{Kiefer}, Ren{\'e} and {Roth}, Markus},
        title = "{The Effect of Toroidal Magnetic Fields on Solar Oscillation Frequencies}",
      journal = {\apj},
     keywords = {asteroseismology, dynamo, methods: analytical, methods: numerical, Sun: helioseismology, Sun: magnetic fields, Astrophysics - Solar and Stellar Astrophysics},
         year = "2018",
        month = "Feb",
       volume = {854},
       number = {1},
          eid = {74},
        pages = {74},
          doi = {10.3847/1538-4357/aaa3f7},
archivePrefix = {arXiv},
       eprint = {1801.07932},
 primaryClass = {astro-ph.SR},
       adsurl = {https://ui.adsabs.harvard.edu/abs/2018ApJ...854...74K},
      adsnote = {Provided by the SAO/NASA Astrophysics Data System}
}

@ARTICLE{2018ApJ...853...97W,
       author = {{Wood}, T.~S. and {Brummell}, N.~H.},
        title = "{A Self-consistent Model of the Solar Tachocline}",
      journal = {\apj},
     keywords = {magnetohydrodynamics, MHD, stars: magnetic field, Sun: evolution, Sun: interior, Sun: rotation, Astrophysics - Solar and Stellar Astrophysics},
         year = "2018",
        month = "Feb",
       volume = {853},
       number = {2},
          eid = {97},
        pages = {97},
          doi = {10.3847/1538-4357/aaa6d5},
archivePrefix = {arXiv},
       eprint = {1801.02565},
 primaryClass = {astro-ph.SR},
       adsurl = {https://ui.adsabs.harvard.edu/abs/2018ApJ...853...97W},
      adsnote = {Provided by the SAO/NASA Astrophysics Data System}
}

@ARTICLE{2017ApJ...851...80B,
       author = {{Bellinger}, Earl P. and {Basu}, Sarbani and {Hekker}, Saskia and
         {Ball}, Warrick H.},
        title = "{Model-independent Measurement of Internal Stellar Structure in 16 Cygni A and B}",
      journal = {\apj},
     keywords = {methods: statistical, stars: individual: HD 186408, HD 186427, stars: low-mass, stars: oscillations, stars: solar-type, Astrophysics - Solar and Stellar Astrophysics},
         year = "2017",
        month = "Dec",
       volume = {851},
       number = {2},
          eid = {80},
        pages = {80},
          doi = {10.3847/1538-4357/aa9848},
archivePrefix = {arXiv},
       eprint = {1710.11487},
 primaryClass = {astro-ph.SR},
       adsurl = {https://ui.adsabs.harvard.edu/abs/2017ApJ...851...80B},
      adsnote = {Provided by the SAO/NASA Astrophysics Data System}
}

@ARTICLE{2017ApJS..232...23H,
       author = {{Hermes}, J.~J. and {G{\"a}nsicke}, B.~T. and {Kawaler}, Steven D. and
         {Greiss}, S. and {Tremblay}, P. -E. and {Gentile Fusillo}, N.~P. and
         {Raddi}, R. and {Fanale}, S.~M. and {Bell}, Keaton J. and
         {Dennihy}, E. and {Fuchs}, J.~T. and {Dunlap}, B.~H. and
         {Clemens}, J.~C. and {Montgomery}, M.~H. and {Winget}, D.~E. and
         {Chote}, P. and {Marsh}, T.~R. and {Redfield}, S.},
        title = "{White Dwarf Rotation as a Function of Mass and a Dichotomy of Mode Line Widths: Kepler Observations of 27 Pulsating DA White Dwarfs through K2 Campaign 8}",
      journal = {\apjs},
     keywords = {stars: oscillations, stars: variables: general, white dwarfs, Astrophysics - Solar and Stellar Astrophysics},
         year = "2017",
        month = "Oct",
       volume = {232},
       number = {2},
          eid = {23},
        pages = {23},
          doi = {10.3847/1538-4365/aa8bb5},
archivePrefix = {arXiv},
       eprint = {1709.07004},
 primaryClass = {astro-ph.SR},
       adsurl = {https://ui.adsabs.harvard.edu/abs/2017ApJS..232...23H},
      adsnote = {Provided by the SAO/NASA Astrophysics Data System}
}

@ARTICLE{2017LRSP...14....4B,
       author = {{Brun}, Allan Sacha and {Browning}, Matthew K.},
        title = "{Magnetism, dynamo action and the solar-stellar connection}",
      journal = {Living Reviews in Solar Physics},
     keywords = {Stellar magnetism, Dynamo, Sun: magnetic fields, rotation, Stars: magnetism, rotation, wind, Convection, Magnetohydrodynamics (MHD), Methods: numerical},
         year = "2017",
        month = "Sep",
       volume = {14},
       number = {1},
          eid = {4},
        pages = {4},
          doi = {10.1007/s41116-017-0007-8},
       adsurl = {https://ui.adsabs.harvard.edu/abs/2017LRSP...14....4B},
      adsnote = {Provided by the SAO/NASA Astrophysics Data System}
}

@ARTICLE{2017Sci...357..185S,
       author = {{Strugarek}, A. and {Beaudoin}, P. and {Charbonneau}, P. and
         {Brun}, A.~S. and {do Nascimento}, J. -D.},
        title = "{Reconciling solar and stellar magnetic cycles with nonlinear dynamo simulations}",
      journal = {Science},
     keywords = {ASTRONOMY, Astrophysics - Solar and Stellar Astrophysics},
         year = "2017",
        month = "Jul",
       volume = {357},
       number = {6347},
        pages = {185-187},
          doi = {10.1126/science.aal3999},
archivePrefix = {arXiv},
       eprint = {1707.04335},
 primaryClass = {astro-ph.SR},
       adsurl = {https://ui.adsabs.harvard.edu/abs/2017Sci...357..185S},
      adsnote = {Provided by the SAO/NASA Astrophysics Data System}
}

@ARTICLE{2017MNRAS.468.1946H,
       author = {{Hermes}, J.~J. and {G{\"a}nsicke}, B.~T. and
         {Gentile Fusillo}, Nicola Pietro and {Raddi}, R. and {Hollands}, M.~A. and
         {Dennihy}, E. and {Fuchs}, J.~T. and {Redfield}, S.},
        title = "{When flux standards go wild: white dwarfs in the age of Kepler}",
      journal = {\mnras},
     keywords = {binaries: close, stars: oscillations, stars: rotation, starspots, white dwarfs, Astrophysics - Solar and Stellar Astrophysics},
         year = "2017",
        month = "Jun",
       volume = {468},
       number = {2},
        pages = {1946-1952},
          doi = {10.1093/mnras/stx567},
archivePrefix = {arXiv},
       eprint = {1703.02048},
 primaryClass = {astro-ph.SR},
       adsurl = {https://ui.adsabs.harvard.edu/abs/2017MNRAS.468.1946H},
      adsnote = {Provided by the SAO/NASA Astrophysics Data System}
}

@ARTICLE{2017MNRAS.467.3212L,
       author = {{Loi}, Shyeh Tjing and {Papaloizou}, John C.~B.},
        title = "{Torsional Alfv\textbackslashxE9n resonances as an efficient damping mechanism for non-radial oscillations in red giant stars}",
      journal = {\mnras},
     keywords = {MHD, methods: analytical, stars: interiors, stars: magnetic field, stars: oscillations, Astrophysics - Solar and Stellar Astrophysics, Physics - Fluid Dynamics},
         year = "2017",
        month = "May",
       volume = {467},
       number = {3},
        pages = {3212-3225},
          doi = {10.1093/mnras/stx281},
archivePrefix = {arXiv},
       eprint = {1701.08771},
 primaryClass = {astro-ph.SR},
       adsurl = {https://ui.adsabs.harvard.edu/abs/2017MNRAS.467.3212L},
      adsnote = {Provided by the SAO/NASA Astrophysics Data System}
}

@ARTICLE{2017MNRAS.466.2181L,
       author = {{Lecoanet}, D. and {Vasil}, G.~M. and {Fuller}, J. and {Cantiello}, M. and
         {Burns}, K.~J.},
        title = "{Conversion of internal gravity waves into magnetic waves}",
      journal = {\mnras},
     keywords = {asteroseismology, scattering, waves, stars: magnetic field, Astrophysics - Solar and Stellar Astrophysics, Physics - Fluid Dynamics},
         year = "2017",
        month = "Apr",
       volume = {466},
       number = {2},
        pages = {2181-2193},
          doi = {10.1093/mnras/stw3273},
archivePrefix = {arXiv},
       eprint = {1610.08506},
 primaryClass = {astro-ph.SR},
       adsurl = {https://ui.adsabs.harvard.edu/abs/2017MNRAS.466.2181L},
      adsnote = {Provided by the SAO/NASA Astrophysics Data System}
}

@ARTICLE{2017ApJ...836..192B,
       author = {{Brun}, Allan Sacha and {Strugarek}, Antoine and {Varela}, Jacobo and
         {Matt}, Sean P. and {Augustson}, Kyle C. and {Emeriau}, Constance and
         {DoCao}, Olivier Long and {Brown}, Benjamin and {Toomre}, Juri},
        title = "{On Differential Rotation and Overshooting in Solar-like Stars}",
      journal = {\apj},
     keywords = {convection, hydrodynamics, stars: activity, stars: rotation, stars: solar-type, Astrophysics - Solar and Stellar Astrophysics},
         year = "2017",
        month = "Feb",
       volume = {836},
       number = {2},
          eid = {192},
        pages = {192},
          doi = {10.3847/1538-4357/aa5c40},
archivePrefix = {arXiv},
       eprint = {1702.06598},
 primaryClass = {astro-ph.SR},
       adsurl = {https://ui.adsabs.harvard.edu/abs/2017ApJ...836..192B},
      adsnote = {Provided by the SAO/NASA Astrophysics Data System}
}

@ARTICLE{2017ApJ...835..277H,
       author = {{Hermes}, J.~J. and {Kawaler}, Steven D. and {Bischoff-Kim}, A. and
         {Provencal}, J.~L. and {Dunlap}, B.~H. and {Clemens}, J.~C.},
        title = "{A Deep Test of Radial Differential Rotation in a Helium-atmosphere White Dwarf. I. Discovery of Pulsations in PG 0112+104}",
      journal = {\apj},
     keywords = {stars: individual: PG 0112+104, stars: oscillations: including pulsations, stars: variables: general, white dwarfs, Astrophysics - Solar and Stellar Astrophysics},
         year = "2017",
        month = "Feb",
       volume = {835},
       number = {2},
          eid = {277},
        pages = {277},
          doi = {10.3847/1538-4357/835/2/277},
archivePrefix = {arXiv},
       eprint = {1612.07807},
 primaryClass = {astro-ph.SR},
       adsurl = {https://ui.adsabs.harvard.edu/abs/2017ApJ...835..277H},
      adsnote = {Provided by the SAO/NASA Astrophysics Data System}
}

@ARTICLE{2016A&A...589A.118S,
       author = {{Salabert}, D. and {R{\'e}gulo}, C. and {Garc{\'\i}a}, R.~A. and
         {Beck}, P.~G. and {Ballot}, J. and {Creevey}, O.~L. and
         {P{\'e}rez Hern{\'a}ndez}, F. and {do Nascimento}, J. -D., Jr. and
         {Corsaro}, E. and {Egeland}, R. and {Mathur}, S. and {Metcalfe}, T.~S. and
         {Bigot}, L. and {Ceillier}, T. and {Pall{\'e}}, P.~L.},
        title = "{Magnetic variability in the young solar analog KIC 10644253. Observations from the Kepler satellite and the HERMES spectrograph}",
      journal = {\aap},
     keywords = {stars: oscillations, stars: solar-type, stars: activity, methods: data analysis, methods: observational, Astrophysics - Solar and Stellar Astrophysics},
         year = "2016",
        month = "May",
       volume = {589},
          eid = {A118},
        pages = {A118},
          doi = {10.1051/0004-6361/201527978},
archivePrefix = {arXiv},
       eprint = {1603.00655},
 primaryClass = {astro-ph.SR},
       adsurl = {https://ui.adsabs.harvard.edu/abs/2016A&A...589A.118S},
      adsnote = {Provided by the SAO/NASA Astrophysics Data System}
}

@ARTICLE{2016PASA...33...11S,
       author = {{Stello}, Dennis and {Cantiello}, Matteo and {Fuller}, Jim and
         {Garcia}, Rafael A. and {Huber}, Daniel},
        title = "{Suppression of Quadrupole and Octupole Modes in Red Giants Observed by Kepler *}",
      journal = {\pasa},
     keywords = {stars: fundamental parameters, stars: interiors, stars: magnetic field, stars: oscillations, Astrophysics - Solar and Stellar Astrophysics},
         year = "2016",
        month = "Mar",
       volume = {33},
          eid = {e011},
        pages = {e011},
          doi = {10.1017/pasa.2016.9},
archivePrefix = {arXiv},
       eprint = {1602.05193},
 primaryClass = {astro-ph.SR},
       adsurl = {https://ui.adsabs.harvard.edu/abs/2016PASA...33...11S},
      adsnote = {Provided by the SAO/NASA Astrophysics Data System}
}

@ARTICLE{2016IAUFM..29B.589R,
       author = {{Reed}, M.~D.},
        title = "{Progress in the study of pulsating subdwarf B stars}",
      journal = {IAU Focus Meeting},
     keywords = {Kepler, asteroseismology},
         year = "2016",
        month = "Jan",
       volume = {29B},
        pages = {589-595},
          doi = {10.1017/S1743921316006165},
       adsurl = {https://ui.adsabs.harvard.edu/abs/2016IAUFM..29B.589R},
      adsnote = {Provided by the SAO/NASA Astrophysics Data System}
}

@ARTICLE{2016Natur.529..364S,
       author = {{Stello}, Dennis and {Cantiello}, Matteo and {Fuller}, Jim and
         {Huber}, Daniel and {Garc{\'\i}a}, Rafael A. and {Bedding}, Timothy R. and
         {Bildsten}, Lars and {Silva Aguirre}, Victor},
        title = "{A prevalence of dynamo-generated magnetic fields in the cores of intermediate-mass stars}",
      journal = {\nat},
     keywords = {Astrophysics - Solar and Stellar Astrophysics},
         year = "2016",
        month = "Jan",
       volume = {529},
       number = {7586},
        pages = {364-367},
          doi = {10.1038/nature16171},
archivePrefix = {arXiv},
       eprint = {1601.00004},
 primaryClass = {astro-ph.SR},
       adsurl = {https://ui.adsabs.harvard.edu/abs/2016Natur.529..364S},
      adsnote = {Provided by the SAO/NASA Astrophysics Data System}
}

@ARTICLE{2016AnRFM..48..191H,
       author = {{Hanasoge}, Shravan and {Gizon}, Laurent and {Sreenivasan}, Katepalli R.},
        title = "{Seismic Sounding of Convection in the Sun}",
      journal = {Annual Review of Fluid Mechanics},
     keywords = {Astrophysics - Solar and Stellar Astrophysics, Astrophysics - Earth and Planetary Astrophysics, Physics - Atmospheric and Oceanic Physics, Physics - Fluid Dynamics, Physics - Space Physics},
         year = "2016",
        month = "Jan",
       volume = {48},
       number = {1},
        pages = {191-217},
          doi = {10.1146/annurev-fluid-122414-034534},
archivePrefix = {arXiv},
       eprint = {1503.07961},
 primaryClass = {astro-ph.SR},
       adsurl = {https://ui.adsabs.harvard.edu/abs/2016AnRFM..48..191H},
      adsnote = {Provided by the SAO/NASA Astrophysics Data System}
}

@ARTICLE{2015Sci...350..423F,
       author = {{Fuller}, Jim and {Cantiello}, Matteo and {Stello}, Dennis and
         {Garcia}, Rafael A. and {Bildsten}, Lars},
        title = "{Asteroseismology can reveal strong internal magnetic fields in red giant stars}",
      journal = {Science},
     keywords = {ASTRONOMY, Astrophysics - Solar and Stellar Astrophysics},
         year = "2015",
        month = "Oct",
       volume = {350},
       number = {6259},
        pages = {423-426},
          doi = {10.1126/science.aac6933},
archivePrefix = {arXiv},
       eprint = {1510.06960},
 primaryClass = {astro-ph.SR},
       adsurl = {https://ui.adsabs.harvard.edu/abs/2015Sci...350..423F},
      adsnote = {Provided by the SAO/NASA Astrophysics Data System}
}

@ARTICLE{2015MNRAS.452.2654B,
       author = {{Benomar}, O. and {Takata}, M. and {Shibahashi}, H. and {Ceillier}, T. and
         {Garc{\'\i}a}, R.~A.},
        title = "{Nearly uniform internal rotation of solar-like main-sequence stars revealed by space-based asteroseismology and spectroscopic measurements}",
      journal = {\mnras},
     keywords = {asteroseismology, methods: data analysis, stars: interiors, stars: oscillations, stars: rotation, stars: solar-type, Astrophysics - Solar and Stellar Astrophysics},
         year = "2015",
        month = "Sep",
       volume = {452},
       number = {3},
        pages = {2654-2674},
          doi = {10.1093/mnras/stv1493},
archivePrefix = {arXiv},
       eprint = {1507.01140},
 primaryClass = {astro-ph.SR},
       adsurl = {https://ui.adsabs.harvard.edu/abs/2015MNRAS.452.2654B},
      adsnote = {Provided by the SAO/NASA Astrophysics Data System}
}

@ARTICLE{2015ApJ...810..101F,
       author = {{Fuller}, Jim and {Cantiello}, Matteo and {Lecoanet}, Daniel and
         {Quataert}, Eliot},
        title = "{The Spin Rate of Pre-collapse Stellar Cores: Wave-driven Angular Momentum Transport in Massive Stars}",
      journal = {\apj},
     keywords = {stars: interiors, stars: massive, stars: neutron, stars: oscillations: including pulsations, stars: rotation, waves, Astrophysics - Solar and Stellar Astrophysics},
         year = "2015",
        month = "Sep",
       volume = {810},
       number = {2},
          eid = {101},
        pages = {101},
          doi = {10.1088/0004-637X/810/2/101},
archivePrefix = {arXiv},
       eprint = {1502.07779},
 primaryClass = {astro-ph.SR},
       adsurl = {https://ui.adsabs.harvard.edu/abs/2015ApJ...810..101F},
      adsnote = {Provided by the SAO/NASA Astrophysics Data System}
}

@ARTICLE{2014MNRAS.444..102K,
       author = {{Kurtz}, Donald W. and {Saio}, Hideyuki and {Takata}, Masao and
         {Shibahashi}, Hiromoto and {Murphy}, Simon J. and {Sekii}, Takashi},
        title = "{Asteroseismic measurement of surface-to-core rotation in a main-sequence A star, KIC 11145123}",
      journal = {\mnras},
     keywords = {asteroseismology, stars: individual: KIC 11145123, stars: interiors, stars: oscillations, stars: rotation, stars: variables: {\ensuremath{\delta}} Scuti, Astrophysics - Solar and Stellar Astrophysics},
         year = "2014",
        month = "Oct",
       volume = {444},
       number = {1},
        pages = {102-116},
          doi = {10.1093/mnras/stu1329},
archivePrefix = {arXiv},
       eprint = {1405.0155},
 primaryClass = {astro-ph.SR},
       adsurl = {https://ui.adsabs.harvard.edu/abs/2014MNRAS.444..102K},
      adsnote = {Provided by the SAO/NASA Astrophysics Data System}
}

@ARTICLE{2014ApJ...788...93C,
       author = {{Cantiello}, Matteo and {Mankovich}, Christopher and {Bildsten}, Lars and
         {Christensen-Dalsgaard}, J{\o}rgen and {Paxton}, Bill},
        title = "{Angular Momentum Transport within Evolved Low-mass Stars}",
      journal = {\apj},
     keywords = {asteroseismology, methods: numerical, stars: evolution, stars: interiors, stars: rotation, Astrophysics - Solar and Stellar Astrophysics},
         year = "2014",
        month = "Jun",
       volume = {788},
       number = {1},
          eid = {93},
        pages = {93},
          doi = {10.1088/0004-637X/788/1/93},
archivePrefix = {arXiv},
       eprint = {1405.1419},
 primaryClass = {astro-ph.SR},
       adsurl = {https://ui.adsabs.harvard.edu/abs/2014ApJ...788...93C},
      adsnote = {Provided by the SAO/NASA Astrophysics Data System}
}

@ARTICLE{2014ApJS..211...24M,
       author = {{McQuillan}, A. and {Mazeh}, T. and {Aigrain}, S.},
        title = "{Rotation Periods of 34,030 Kepler Main-sequence Stars: The Full Autocorrelation Sample}",
      journal = {\apjs},
     keywords = {catalogs, methods: data analysis, methods: observational, stars: activity, stars: low-mass, stars: rotation, techniques: photometric, Astrophysics - Solar and Stellar Astrophysics},
         year = "2014",
        month = "Apr",
       volume = {211},
       number = {2},
          eid = {24},
        pages = {24},
          doi = {10.1088/0067-0049/211/2/24},
archivePrefix = {arXiv},
       eprint = {1402.5694},
 primaryClass = {astro-ph.SR},
       adsurl = {https://ui.adsabs.harvard.edu/abs/2014ApJS..211...24M},
      adsnote = {Provided by the SAO/NASA Astrophysics Data System}
}

@ARTICLE{2014A&A...564A..27D,
       author = {{Deheuvels}, S. and {Do{\u{g}}an}, G. and {Goupil}, M.~J. and
         {Appourchaux}, T. and {Benomar}, O. and {Bruntt}, H. and
         {Campante}, T.~L. and {Casagrande}, L. and {Ceillier}, T. and
         {Davies}, G.~R. and {De Cat}, P. and {Fu}, J.~N. and
         {Garc{\'\i}a}, R.~A. and {Lobel}, A. and {Mosser}, B. and
         {Reese}, D.~R. and {Regulo}, C. and {Schou}, J. and {Stahn}, T. and
         {Thygesen}, A.~O. and {Yang}, X.~H. and {Chaplin}, W.~J. and
         {Christensen-Dalsgaard}, J. and {Eggenberger}, P. and {Gizon}, L. and
         {Mathis}, S. and {Molenda-{\.Z}akowicz}, J. and {Pinsonneault}, M.},
        title = "{Seismic constraints on the radial dependence of the internal rotation profiles of six Kepler subgiants and young red giants}",
      journal = {\aap},
     keywords = {asteroseismology, stars: rotation, stars: interiors, stars: evolution, Astrophysics - Solar and Stellar Astrophysics},
         year = "2014",
        month = "Apr",
       volume = {564},
          eid = {A27},
        pages = {A27},
          doi = {10.1051/0004-6361/201322779},
archivePrefix = {arXiv},
       eprint = {1401.3096},
 primaryClass = {astro-ph.SR},
       adsurl = {https://ui.adsabs.harvard.edu/abs/2014A&A...564A..27D},
      adsnote = {Provided by the SAO/NASA Astrophysics Data System}
}

@ARTICLE{2014ApJS..210....1C,
       author = {{Chaplin}, W.~J. and {Basu}, S. and {Huber}, D. and {Serenelli}, A. and
         {Casagrande}, L. and {Silva Aguirre}, V. and {Ball}, W.~H. and
         {Creevey}, O.~L. and {Gizon}, L. and {Handberg}, R. and {Karoff}, C. and
         {Lutz}, R. and {Marques}, J.~P. and {Miglio}, A. and {Stello}, D. and
         {Suran}, M.~D. and {Pricopi}, D. and {Metcalfe}, T.~S. and
         {Monteiro}, M.~J.~P.~F.~G. and {Molenda-{\.Z}akowicz}, J. and
         {Appourchaux}, T. and {Christensen-Dalsgaard}, J. and {Elsworth}, Y. and
         {Garc{\'\i}a}, R.~A. and {Houdek}, G. and {Kjeldsen}, H. and
         {Bonanno}, A. and {Campante}, T.~L. and {Corsaro}, E. and {Gaulme}, P. and
         {Hekker}, S. and {Mathur}, S. and {Mosser}, B. and {R{\'e}gulo}, C. and
         {Salabert}, D.},
        title = "{Asteroseismic Fundamental Properties of Solar-type Stars Observed by the NASA Kepler Mission}",
      journal = {\apjs},
     keywords = {asteroseismology, methods: data analysis, stars: fundamental parameters, stars: interiors, Astrophysics - Solar and Stellar Astrophysics},
         year = "2014",
        month = "Jan",
       volume = {210},
       number = {1},
          eid = {1},
        pages = {1},
          doi = {10.1088/0067-0049/210/1/1},
archivePrefix = {arXiv},
       eprint = {1310.4001},
 primaryClass = {astro-ph.SR},
       adsurl = {https://ui.adsabs.harvard.edu/abs/2014ApJS..210....1C},
      adsnote = {Provided by the SAO/NASA Astrophysics Data System}
}

@ARTICLE{2013A&A...559A.137M,
       author = {{Mosser}, B. and {Dziembowski}, W.~A. and {Belkacem}, K. and
         {Goupil}, M.~J. and {Michel}, E. and {Samadi}, R. and
         {Soszy{\'n}ski}, I. and {Vrard}, M. and {Elsworth}, Y. and
         {Hekker}, S. and {Mathur}, S.},
        title = "{Period-luminosity relations in evolved red giants explained by solar-like oscillations}",
      journal = {\aap},
     keywords = {stars: oscillations, stars: interiors, stars: evolution, stars: late-type, stars: horizontal-branch, Astrophysics - Solar and Stellar Astrophysics},
         year = "2013",
        month = "Nov",
       volume = {559},
          eid = {A137},
        pages = {A137},
          doi = {10.1051/0004-6361/201322243},
archivePrefix = {arXiv},
       eprint = {1310.0839},
 primaryClass = {astro-ph.SR},
       adsurl = {https://ui.adsabs.harvard.edu/abs/2013A&A...559A.137M},
      adsnote = {Provided by the SAO/NASA Astrophysics Data System}
}

@ARTICLE{2013ApJ...775L..11M,
       author = {{McQuillan}, A. and {Mazeh}, T. and {Aigrain}, S.},
        title = "{Stellar Rotation Periods of the Kepler Objects of Interest: A Dearth of Close-in Planets around Fast Rotators}",
      journal = {\apjl},
     keywords = {methods: observational, planets and satellites: dynamical evolution and stability, planet-star interactions, stars: rotation, Astrophysics - Earth and Planetary Astrophysics, Astrophysics - Solar and Stellar Astrophysics},
         year = "2013",
        month = "Sep",
       volume = {775},
       number = {1},
          eid = {L11},
        pages = {L11},
          doi = {10.1088/2041-8205/775/1/L11},
archivePrefix = {arXiv},
       eprint = {1308.1845},
 primaryClass = {astro-ph.EP},
       adsurl = {https://ui.adsabs.harvard.edu/abs/2013ApJ...775L..11M},
      adsnote = {Provided by the SAO/NASA Astrophysics Data System}
}

@ARTICLE{2013ARA&A..51..353C,
       author = {{Chaplin}, William J. and {Miglio}, Andrea},
        title = "{Asteroseismology of Solar-Type and Red-Giant Stars}",
      journal = {\araa},
     keywords = {Astrophysics - Solar and Stellar Astrophysics},
         year = "2013",
        month = "Aug",
       volume = {51},
       number = {1},
        pages = {353-392},
          doi = {10.1146/annurev-astro-082812-140938},
archivePrefix = {arXiv},
       eprint = {1303.1957},
 primaryClass = {astro-ph.SR},
       adsurl = {https://ui.adsabs.harvard.edu/abs/2013ARA&A..51..353C},
      adsnote = {Provided by the SAO/NASA Astrophysics Data System}
}

@ARTICLE{2012A&A...548A..10M,
       author = {{Mosser}, B. and {Goupil}, M.~J. and {Belkacem}, K. and
         {Marques}, J.~P. and {Beck}, P.~G. and {Bloemen}, S. and
         {De Ridder}, J. and {Barban}, C. and {Deheuvels}, S. and
         {Elsworth}, Y. and {Hekker}, S. and {Kallinger}, T. and
         {Ouazzani}, R.~M. and {Pinsonneault}, M. and {Samadi}, R. and
         {Stello}, D. and {Garc{\'\i}a}, R.~A. and {Klaus}, T.~C. and {Li}, J. and
         {Mathur}, S. and {Morris}, R.~L.},
        title = "{Spin down of the core rotation in red giants}",
      journal = {\aap},
     keywords = {stars: oscillations, stars: interiors, stars: rotation, stars: late-type, Astrophysics - Solar and Stellar Astrophysics},
         year = "2012",
        month = "Dec",
       volume = {548},
          eid = {A10},
        pages = {A10},
          doi = {10.1051/0004-6361/201220106},
archivePrefix = {arXiv},
       eprint = {1209.3336},
 primaryClass = {astro-ph.SR},
       adsurl = {https://ui.adsabs.harvard.edu/abs/2012A&A...548A..10M},
      adsnote = {Provided by the SAO/NASA Astrophysics Data System}
}

@ARTICLE{2012ApJ...755...99W,
       author = {{Wood}, T.~S. and {Brummell}, N.~H.},
        title = "{Transport by Meridional Circulations in Solar-type Stars}",
      journal = {\apj},
     keywords = {stars: evolution, stars: interiors, stars: rotation, stars: solar-type, Astrophysics - Solar and Stellar Astrophysics},
         year = "2012",
        month = "Aug",
       volume = {755},
       number = {2},
          eid = {99},
        pages = {99},
          doi = {10.1088/0004-637X/755/2/99},
archivePrefix = {arXiv},
       eprint = {1501.05161},
 primaryClass = {astro-ph.SR},
       adsurl = {https://ui.adsabs.harvard.edu/abs/2012ApJ...755...99W},
      adsnote = {Provided by the SAO/NASA Astrophysics Data System}
}

@ARTICLE{2012ApJ...748L..10M,
       author = {{Metcalfe}, T.~S. and {Chaplin}, W.~J. and {Appourchaux}, T. and
         {Garc{\'\i}a}, R.~A. and {Basu}, S. and {Brand{\~a}o}, I. and
         {Creevey}, O.~L. and {Deheuvels}, S. and {Do{\v{g}}an}, G. and
         {Eggenberger}, P. and {Karoff}, C. and {Miglio}, A. and {Stello}, D. and
         {Y{\i}ld{\i}z}, M. and {{\c{C}}elik}, Z. and {Antia}, H.~M. and
         {Benomar}, O. and {Howe}, R. and {R{\'e}gulo}, C. and {Salabert}, D. and
         {Stahn}, T. and {Bedding}, T.~R. and {Davies}, G.~R. and
         {Elsworth}, Y. and {Gizon}, L. and {Hekker}, S. and {Mathur}, S. and
         {Mosser}, B. and {Bryson}, S.~T. and {Still}, M.~D. and
         {Christensen-Dalsgaard}, J. and {Gilliland}, R.~L. and
         {Kawaler}, S.~D. and {Kjeldsen}, H. and {Ibrahim}, K.~A. and
         {Klaus}, T.~C. and {Li}, J.},
        title = "{Asteroseismology of the Solar Analogs 16 Cyg A and B from Kepler Observations}",
      journal = {\apjl},
     keywords = {stars: fundamental parameters, stars: individual: HD 186408 HD 186427, stars: interiors, stars: oscillations, stars: solar-type, Astrophysics - Solar and Stellar Astrophysics, Astrophysics - Earth and Planetary Astrophysics},
         year = "2012",
        month = "Mar",
       volume = {748},
       number = {1},
          eid = {L10},
        pages = {L10},
          doi = {10.1088/2041-8205/748/1/L10},
archivePrefix = {arXiv},
       eprint = {1201.5966},
 primaryClass = {astro-ph.SR},
       adsurl = {https://ui.adsabs.harvard.edu/abs/2012ApJ...748L..10M},
      adsnote = {Provided by the SAO/NASA Astrophysics Data System}
}

@ARTICLE{2011A&A...532A..34S,
       author = {{Strugarek}, A. and {Brun}, A.~S. and {Zahn}, J. -P.},
        title = "{Magnetic confinement of the solar tachocline: II. Coupling to a convection zone}",
      journal = {\aap},
     keywords = {Sun: interior, Sun: rotation, magnetohydrodynamics (MHD), convection, magnetic fields, Astrophysics - Solar and Stellar Astrophysics},
         year = "2011",
        month = "Aug",
       volume = {532},
          eid = {A34},
        pages = {A34},
          doi = {10.1051/0004-6361/201116518},
archivePrefix = {arXiv},
       eprint = {1107.3665},
 primaryClass = {astro-ph.SR},
       adsurl = {https://ui.adsabs.harvard.edu/abs/2011A&A...532A..34S},
      adsnote = {Provided by the SAO/NASA Astrophysics Data System}
}

@ARTICLE{2011ApJ...732L...5C,
       author = {{Chaplin}, W.~J. and {Bedding}, T.~R. and {Bonanno}, A. and
         {Broomhall}, A. -M. and {Garc{\'\i}a}, R.~A. and {Hekker}, S. and
         {Huber}, D. and {Verner}, G.~A. and {Basu}, S. and {Elsworth}, Y. and
         {Houdek}, G. and {Mathur}, S. and {Mosser}, B. and {New}, R. and
         {Stevens}, I.~R. and {Appourchaux}, T. and {Karoff}, C. and
         {Metcalfe}, T.~S. and {Molenda-{\.Z}akowicz}, J. and
         {Monteiro}, M.~J.~P.~F.~G. and {Thompson}, M.~J. and
         {Christensen-Dalsgaard}, J. and {Gilliland}, R.~L. and
         {Kawaler}, S.~D. and {Kjeldsen}, H. and {Ballot}, J. and {Benomar}, O. and
         {Corsaro}, E. and {Campante}, T.~L. and {Gaulme}, P. and {Hale}, S.~J. and
         {Handberg}, R. and {Jarvis}, E. and {R{\'e}gulo}, C. and
         {Roxburgh}, I.~W. and {Salabert}, D. and {Stello}, D. and
         {Mullally}, F. and {Li}, J. and {Wohler}, W.},
        title = "{Evidence for the Impact of Stellar Activity on the Detectability of Solar-like Oscillations Observed by Kepler}",
      journal = {\apjl},
     keywords = {stars: activity, stars: interiors, stars: late-type, stars: magnetic field, stars: oscillations, Astrophysics - Solar and Stellar Astrophysics},
         year = "2011",
        month = "May",
       volume = {732},
       number = {1},
          eid = {L5},
        pages = {L5},
          doi = {10.1088/2041-8205/732/1/L5},
archivePrefix = {arXiv},
       eprint = {1103.5570},
 primaryClass = {astro-ph.SR},
       adsurl = {https://ui.adsabs.harvard.edu/abs/2011ApJ...732L...5C},
      adsnote = {Provided by the SAO/NASA Astrophysics Data System}
}

@ARTICLE{2011ApJ...731...94H,
       author = {{Huber}, Daniel and {Bedding}, Timothy R. and {Arentoft}, Torben and
         {Gruberbauer}, Michael and {Guenther}, David B. and
         {Houdek}, G{\"u}nter and {Kallinger}, Thomas and {Kjeldsen}, Hans and
         {Matthews}, Jaymie M. and {Stello}, Dennis and {Weiss}, Werner W.},
        title = "{Solar-like Oscillations and Activity in Procyon: A Comparison of the 2007 MOST and Ground-based Radial Velocity Campaigns}",
      journal = {\apj},
     keywords = {stars: activity, stars: individual: Procyon, stars: oscillations, stars: rotation, techniques: photometric, techniques: radial velocities, Astrophysics - Solar and Stellar Astrophysics},
         year = "2011",
        month = "Apr",
       volume = {731},
       number = {2},
          eid = {94},
        pages = {94},
          doi = {10.1088/0004-637X/731/2/94},
archivePrefix = {arXiv},
       eprint = {1102.2894},
 primaryClass = {astro-ph.SR},
       adsurl = {https://ui.adsabs.harvard.edu/abs/2011ApJ...731...94H},
      adsnote = {Provided by the SAO/NASA Astrophysics Data System}
}

@ARTICLE{2011Sci...332..213C,
       author = {{Chaplin}, W.~J. and {Kjeldsen}, H. and {Christensen-Dalsgaard}, J. and
         {Basu}, S. and {Miglio}, A. and {Appourchaux}, T. and {Bedding}, T.~R. and
         {Elsworth}, Y. and {Garc{\'\i}a}, R.~A. and {Gilliland}, R.~L. and
         {Girardi}, L. and {Houdek}, G. and {Karoff}, C. and {Kawaler}, S.~D. and
         {Metcalfe}, T.~S. and {Molenda-{\.Z}akowicz}, J. and
         {Monteiro}, M.~J.~P.~F.~G. and {Thompson}, M.~J. and {Verner}, G.~A. and
         {Ballot}, J. and {Bonanno}, A. and {Brand{\~a}o}, I.~M. and
         {Broomhall}, A. -M. and {Bruntt}, H. and {Campante}, T.~L. and
         {Corsaro}, E. and {Creevey}, O.~L. and {Do{\u{g}}an}, G. and
         {Esch}, L. and {Gai}, N. and {Gaulme}, P. and {Hale}, S.~J. and {Hand
        berg}, R. and {Hekker}, S. and {Huber}, D. and {Jim{\'e}nez}, A. and
         {Mathur}, S. and {Mazumdar}, A. and {Mosser}, B. and {New}, R. and
         {Pinsonneault}, M.~H. and {Pricopi}, D. and {Quirion}, P. -O. and
         {R{\'e}gulo}, C. and {Salabert}, D. and {Serenelli}, A.~M. and
         {Silva Aguirre}, V. and {Sousa}, S.~G. and {Stello}, D. and
         {Stevens}, I.~R. and {Suran}, M.~D. and {Uytterhoeven}, K. and
         {White}, T.~R. and {Borucki}, W.~J. and {Brown}, T.~M. and
         {Jenkins}, J.~M. and {Kinemuchi}, K. and {Van Cleve}, J. and
         {Klaus}, T.~C.},
        title = "{Ensemble Asteroseismology of Solar-Type Stars with the NASA Kepler Mission}",
      journal = {Science},
     keywords = {ASTRONOMY, Astrophysics - Solar and Stellar Astrophysics},
         year = "2011",
        month = "Apr",
       volume = {332},
       number = {6026},
        pages = {213},
          doi = {10.1126/science.1201827},
archivePrefix = {arXiv},
       eprint = {1109.4723},
 primaryClass = {astro-ph.SR},
       adsurl = {https://ui.adsabs.harvard.edu/abs/2011Sci...332..213C},
      adsnote = {Provided by the SAO/NASA Astrophysics Data System}
}

@ARTICLE{2010ApJ...713L.176B,
       author = {{Bedding}, T.~R. and {Huber}, D. and {Stello}, D. and {Elsworth}, Y.~P. and
         {Hekker}, S. and {Kallinger}, T. and {Mathur}, S. and {Mosser}, B. and
         {Preston}, H.~L. and {Ballot}, J. and {Barban}, C. and
         {Broomhall}, A.~M. and {Buzasi}, D.~L. and {Chaplin}, W.~J. and
         {Garc{\'\i}a}, R.~A. and {Gruberbauer}, M. and {Hale}, S.~J. and
         {De Ridder}, J. and {Frandsen}, S. and {Borucki}, W.~J. and
         {Brown}, T. and {Christensen-Dalsgaard}, J. and {Gilliland}, R.~L. and
         {Jenkins}, J.~M. and {Kjeldsen}, H. and {Koch}, D. and {Belkacem}, K. and
         {Bildsten}, L. and {Bruntt}, H. and {Campante}, T.~L. and
         {Deheuvels}, S. and {Derekas}, A. and {Dupret}, M. -A. and
         {Goupil}, M. -J. and {Hatzes}, A. and {Houdek}, G. and {Ireland
        }, M.~J. and {Jiang}, C. and {Karoff}, C. and {Kiss}, L.~L. and
         {Lebreton}, Y. and {Miglio}, A. and {Montalb{\'a}n}, J. and
         {Noels}, A. and {Roxburgh}, I.~W. and {Sangaralingam}, V. and
         {Stevens}, I.~R. and {Suran}, M.~D. and {Tarrant}, N.~J. and
         {Weiss}, A.},
        title = "{Solar-like Oscillations in Low-luminosity Red Giants: First Results from Kepler}",
      journal = {\apjl},
     keywords = {stars: oscillations, Astrophysics - Solar and Stellar Astrophysics},
         year = "2010",
        month = "Apr",
       volume = {713},
       number = {2},
        pages = {L176-L181},
          doi = {10.1088/2041-8205/713/2/L176},
archivePrefix = {arXiv},
       eprint = {1001.0229},
 primaryClass = {astro-ph.SR},
       adsurl = {https://ui.adsabs.harvard.edu/abs/2010ApJ...713L.176B},
      adsnote = {Provided by the SAO/NASA Astrophysics Data System}
}

@ARTICLE{2009ApJ...699.1403B,
       author = {{Basu}, Sarbani and {Chaplin}, William J. and {Elsworth}, Yvonne and
         {New}, Roger and {Serenelli}, Aldo M.},
        title = "{Fresh Insights on the Structure of the Solar Core}",
      journal = {\apj},
     keywords = {Sun: abundances, Sun: helioseismology, Sun: interior, Astrophysics - Solar and Stellar Astrophysics},
         year = "2009",
        month = "Jul",
       volume = {699},
       number = {2},
        pages = {1403-1417},
          doi = {10.1088/0004-637X/699/2/1403},
archivePrefix = {arXiv},
       eprint = {0905.0651},
 primaryClass = {astro-ph.SR},
       adsurl = {https://ui.adsabs.harvard.edu/abs/2009ApJ...699.1403B},
      adsnote = {Provided by the SAO/NASA Astrophysics Data System}
}

@ARTICLE{2008ApJ...687.1180A,
       author = {{Arentoft}, Torben and {Kjeldsen}, Hans and {Bedding}, Timothy R. and
         {Bazot}, Micha{\"e}l and {Christensen-Dalsgaard}, J{\o}rgen and
         {Dall}, Thomas H. and {Karoff}, Christoffer and {Carrier}, Fabien and
         {Eggenberger}, Patrick and {Sosnowska}, Danuta and
         {Wittenmyer}, Robert A. and {Endl}, Michael and {Metcalfe}, Travis S. and
         {Hekker}, Saskia and {Reffert}, Sabine and {Butler}, R. Paul and
         {Bruntt}, Hans and {Kiss}, L{\'a}szl{\'o} L. and {O'Toole}, Simon J. and
         {Kambe}, Eiji and {Ando}, Hiroyasu and {Izumiura}, Hideyuki and
         {Sato}, Bun'ei and {Hartmann}, Michael and {Hatzes}, Artie and
         {Bouchy}, Francois and {Mosser}, Benoit and {Appourchaux}, Thierry and
         {Barban}, Caroline and {Berthomieu}, Gabrielle and {Garcia}, Rafael A. and
         {Michel}, Eric and {Provost}, Janine and {Turck-Chi{\`e}ze}, Sylvaine and
         {Marti{\'c}}, Milena and {Lebrun}, Jean-Claude and {Schmitt}, Jerome and
         {Bertaux}, Jean-Loup and {Bonanno}, Alfio and {Benatti}, Serena and
         {Claudi}, Riccardo U. and {Cosentino}, Rosario and {Leccia}, Silvio and
         {Frandsen}, S{\o}ren and {Brogaard}, Karsten and {Glowienka}, Lars and
         {Grundahl}, Frank and {Stempels}, Eric},
        title = "{A Multisite Campaign to Measure Solar-like Oscillations in Procyon. I. Observations, Data Reduction, and Slow Variations}",
      journal = {\apj},
     keywords = {stars: individual: Procyon A, stars: oscillations, Astrophysics},
         year = "2008",
        month = "Nov",
       volume = {687},
       number = {2},
        pages = {1180-1190},
          doi = {10.1086/592040},
archivePrefix = {arXiv},
       eprint = {0807.3794},
 primaryClass = {astro-ph},
       adsurl = {https://ui.adsabs.harvard.edu/abs/2008ApJ...687.1180A},
      adsnote = {Provided by the SAO/NASA Astrophysics Data System}
}

@ARTICLE{2007MNRAS.379L..16M,
       author = {{Metcalfe}, T.~S. and {Dziembowski}, W.~A. and {Judge}, P.~G. and
         {Snow}, M.},
        title = "{Asteroseismic signatures of stellar magnetic activity cycles}",
      journal = {\mnras},
     keywords = {stars: activity, stars: individual: {\ensuremath{\beta}} Hyi, stars: interiors, stars: oscillations, Astrophysics},
         year = "2007",
        month = "Jul",
       volume = {379},
       number = {1},
        pages = {L16-L20},
          doi = {10.1111/j.1745-3933.2007.00325.x},
archivePrefix = {arXiv},
       eprint = {0704.1606},
 primaryClass = {astro-ph},
       adsurl = {https://ui.adsabs.harvard.edu/abs/2007MNRAS.379L..16M},
      adsnote = {Provided by the SAO/NASA Astrophysics Data System}
}

@INPROCEEDINGS{2002ESASP.485...95T,
       author = {{Thompson}, M.~J. and {Christensen-Dalsgaard}, J.},
        title = "{On inverting asteroseismic data}",
     keywords = {Stars: Structure, Stars: Oscillations, Astrophysics},
    booktitle = {Stellar Structure and Habitable Planet Finding},
         year = "2002",
       editor = {{Battrick}, B. and {Favata}, F. and {Roxburgh}, I.~W. and {Galadi}, D.},
       series = {ESA Special Publication},
       volume = {485},
        month = "Jan",
        pages = {95-101},
archivePrefix = {arXiv},
       eprint = {astro-ph/0110447},
 primaryClass = {astro-ph},
       adsurl = {https://ui.adsabs.harvard.edu/abs/2002ESASP.485...95T},
      adsnote = {Provided by the SAO/NASA Astrophysics Data System}
}

@ARTICLE{bouchy&carrier2001,
       author = {{Bouchy}, F. and {Carrier}, F.},
        title = "{P-mode observations on {\ensuremath{\alpha}} Cen A}",
      journal = {\aap},
     keywords = {STARS: INDIVIDUAL: ALPHA CEN A, STARS: OSCILLATIONS, TECHNIQUES: RADIAL VELOCITIES, Astrophysics},
         year = "2001",
        month = "Jul",
       volume = {374},
        pages = {L5-L8},
          doi = {10.1051/0004-6361:20010792},
archivePrefix = {arXiv},
       eprint = {astro-ph/0107099},
 primaryClass = {astro-ph},
       adsurl = {https://ui.adsabs.harvard.edu/abs/2001A&A...374L...5B},
      adsnote = {Provided by the SAO/NASA Astrophysics Data System}
}

@ARTICLE{bedding&all2001,
       author = {{Bedding}, Timothy R. and {Butler}, R. Paul and {Kjeldsen}, Hans and
         {Baldry}, Ivan K. and {O'Toole}, Simon J. and {Tinney}, Christopher G. and
         {Marcy}, Geoffrey W. and {Kienzle}, Francesco and {Carrier}, Fabien},
        title = "{Evidence for Solar-like Oscillations in {\ensuremath{\beta}} Hydri}",
      journal = {\apjl},
     keywords = {Stars: Individual: Constellation Name: {\ensuremath{\beta}} Hydri, Stars: Oscillations, Techniques: Radial Velocities, Astrophysics},
         year = "2001",
        month = "Mar",
       volume = {549},
       number = {1},
        pages = {L105-L108},
          doi = {10.1086/319139},
archivePrefix = {arXiv},
       eprint = {astro-ph/0012417},
 primaryClass = {astro-ph},
       adsurl = {https://ui.adsabs.harvard.edu/abs/2001ApJ...549L.105B},
      adsnote = {Provided by the SAO/NASA Astrophysics Data System}
}

@ARTICLE{schou&all1998,
       author = {{Schou}, J. and {Antia}, H.~M. and {Basu}, S. and {Bogart}, R.~S. and
         {Bush}, R.~I. and {Chitre}, S.~M. and {Christensen-Dalsgaard}, J. and
         {Di Mauro}, M.~P. and {Dziembowski}, W.~A. and {Eff-Darwich}, A. and
         {Gough}, D.~O. and {Haber}, D.~A. and {Hoeksema}, J.~T. and {Howe}, R. and
         {Korzennik}, S.~G. and {Kosovichev}, A.~G. and {Larsen}, R.~M. and
         {Pijpers}, F.~P. and {Scherrer}, P.~H. and {Sekii}, T. and
         {Tarbell}, T.~D. and {Title}, A.~M. and {Thompson}, M.~J. and
         {Toomre}, J.},
        title = "{Helioseismic Studies of Differential Rotation in the Solar Envelope by the Solar Oscillations Investigation Using the Michelson Doppler Imager}",
      journal = {\apj},
     keywords = {CONVECTION, SUN: INTERIOR, SUN: OSCILLATIONS, SUN: ROTATION, Convection, Sun: Interior, Sun: Oscillations, Sun: Rotation},
         year = "1998",
        month = "Sep",
       volume = {505},
       number = {1},
        pages = {390-417},
          doi = {10.1086/306146},
       adsurl = {https://ui.adsabs.harvard.edu/abs/1998ApJ...505..390S},
      adsnote = {Provided by the SAO/NASA Astrophysics Data System}
}

@ARTICLE{tobias&all1998,
       author = {{Tobias}, Steven M. and {Brummell}, Nicholas H. and {Clune}, Thomas L. and
         {Toomre}, Juri},
        title = "{Pumping of Magnetic Fields by Turbulent Penetrative Convection}",
      journal = {\apjl},
     keywords = {CONVECTION, MAGNETOHYDRODYNAMICS: MHD, SUN: INTERIOR, SUN: MAGNETIC FIELDS, GALAXY: GLOBULAR CLUSTERS: GENERAL, Convection, Magnetohydrodynamics: MHD, Sun: Interior, Sun: Magnetic Fields},
         year = "1998",
        month = "Aug",
       volume = {502},
       number = {2},
        pages = {L177-L180},
          doi = {10.1086/311501},
       adsurl = {https://ui.adsabs.harvard.edu/abs/1998ApJ...502L.177T},
      adsnote = {Provided by the SAO/NASA Astrophysics Data System}
}

@ARTICLE{thompson&all1996,
       author = {{Thompson}, M.~J. and {Toomre}, J. and {Anderson}, E.~R. and
         {Antia}, H.~M. and {Berthomieu}, G. and {Burtonclay}, D. and
         {Chitre}, S.~M. and {Christensen-Dalsgaard}, J. and {Corbard}, T. and
         {De Rosa}, M. and {Genovese}, C.~R. and {Gough}, D.~O. and
         {Haber}, D.~A. and {Harvey}, J.~W. and {Hill}, F. and {Howe}, R. and
         {Korzennik}, S.~G. and {Kosovichev}, A.~G. and {Leibacher}, J.~W. and
         {Pijpers}, F.~P. and {Provost}, J. and {Rhodes}, E.~J., Jr. and
         {Schou}, J. and {Sekii}, T. and {Stark}, P.~B. and {Wilson}, P.~R.},
        title = "{Differential Rotation and Dynamics of the Solar Interior}",
      journal = {Science},
         year = "1996",
        month = "May",
       volume = {272},
       number = {5266},
        pages = {1300-1305},
          doi = {10.1126/science.272.5266.1300},
       adsurl = {https://ui.adsabs.harvard.edu/abs/1996Sci...272.1300T},
      adsnote = {Provided by the SAO/NASA Astrophysics Data System}
}

@ARTICLE{1993MNRAS.264..522G,
       author = {{Gough}, D.~O. and {Kosovichev}, A.~G.},
        title = "{The Influence of Low-Degree P-Mode Frequencies on the Determination of the Structure of the Solar Interior}",
      journal = {\mnras},
     keywords = {Sun: abundances - Sun: interior - Sun: oscillations},
         year = "1993",
        month = "Sep",
       volume = {264},
        pages = {522},
          doi = {10.1093/mnras/264.2.522},
       adsurl = {https://ui.adsabs.harvard.edu/abs/1993MNRAS.264..522G},
      adsnote = {Provided by the SAO/NASA Astrophysics Data System}
}

@ARTICLE{1992ApJ...395..307G,
       author = {{Goode}, Philip R. and {Thompson}, Michael J.},
        title = "{The Effect of an Inclined Magnetic Field on Solar Oscillation Frequencies}",
      journal = {\apj},
     keywords = {Magnetic Field Configurations, Solar Interior, Solar Magnetic Field, Solar Oscillations, Solar Spectra, Axes Of Rotation, Fine Structure, Pre-Main Sequence Stars, Solar Rotation, Solar Physics, SUN: INTERIOR, SUN: MAGNETIC FIELDS, SUN: OSCILLATIONS},
         year = "1992",
        month = "Aug",
       volume = {395},
        pages = {307},
          doi = {10.1086/171653},
       adsurl = {https://ui.adsabs.harvard.edu/abs/1992ApJ...395..307G},
      adsnote = {Provided by the SAO/NASA Astrophysics Data System}
}

@ARTICLE{kjeldsen&frandsen1991,
       author = {{Kjeldsen}, H. and {Frandsen}, S.},
        title = "{Stellar photometric stability. II. Ages and distances for 13 open clusters with time series observations.}",
      journal = {\aaps},
     keywords = {Astronomical Photometry, Galactic Structure, Open Clusters, Stellar Evolution, Ccd Star Tracker, Color-Magnitude Diagram, Imaging Techniques, Main Sequence Stars, Ubv Spectra, Astrophysics},
         year = "1991",
        month = "Jan",
       volume = {87},
        pages = {119},
       adsurl = {https://ui.adsabs.harvard.edu/abs/1991A&AS...87..119K},
      adsnote = {Provided by the SAO/NASA Astrophysics Data System}
}



%%%%%%%%%%%%%%%%%%%% Outreach

@article{hunt&michael1983,
	author  = {{Hunt}, David M. and {Michael}, Carol},
	title   = "{Mentorship: A career training and development tool}",
	journal = {The Academy of Management Review},
	year    = {1983},
	volume  = {8},
	pages   = {475-485},
	doi     = {10.2307/257836}
}

@book{wiggins&mctighe1998,
	author = {{Wiggins}, Grant P. and {McTighe}, Jay},
	title  = "{Understanding By Design}",
	publisher = {Assosciation for Supervision and Curriculum Development},
	address = {Alexandria, VA},
    year   = {1998},
	isbn    = {0871203138 9780871203137}
}

@article{dasgupta&all2014,
	author  = {{Dasgupta}, Annwesa P. and {Anderson}, Trevor R. and {Pelaez}, Nancy},
	title   = "{Development and Validation of a Rubric for Diagnosing Students' Experimental Design Knowledge and Difficulties}",
	journal = {CBE--Life Sciences Education},
	year    = {2014},
	volume  = {13},
	pages   = {265},
	doi     = {10.1187/cbe.13-09-0192}
}

@article{crisp&all2017,
	author  = {{Crisp}, Gloria and {Baker}, Vicki L. and {Griffin}, Kimberly A. and {Lunsford}, Laura Gail and {Pifer}, Meghan J.},
	title   = "{Mentoring Undergraduate Students}",
	journal = {ASHE Higher Education Report},
	year    = {2017},
	volume  = {43},
	doi     = {10.1002/aehe.20117}
}

@article{crisp&all2009,
	author  = {{Crisp}, Gloria and {Cruz}, Irene},
	title   = "{Mentoring College Students: A Critical Review of the Literature Between 1990 and 2007}",
	journal = {Research in Higher Education},
	year    = {2009},
	volume  = {50},
	doi     = {10.1007/s11162-009-9130-2}
}

@article{corbett&hill2015,
	author  = {{Corbett}, Christianne and {Hill}, Catherine},
	title   = "{Solving the Equation: The Variables for Women's Success in Engineering and Computing}",
	journal = {American Association of University Women},
	year    = {2015},
	isbn    = {978-1-879922-45-7},
	url     = {https://www.aauw.org/research/solving-the-equation/}
}

@article{nsf2019,
	author  = {{NSF}},
	title   = "{Women, Minorities, and Persons with Disabilities in Science and Engineering: 2019}",
	journal = {National Center for Science and Engineering Statistics, Special Report NSF 19-304},
	year    = {2019},
	url     = {https://www.nsf.gov/statistics/wmpd},


}


%%%%%%%%%%%%%%%%%%%%%%%%%%% CIERA connections

@ARTICLE{tchekhovskoy&bromberg2016,
       author = {{Tchekhovskoy}, Alexander and {Bromberg}, Omer},
        title = "{Three-dimensional relativistic MHD simulations of active galactic nuclei jets: magnetic kink instability and Fanaroff-Riley dichotomy}",
      journal = {\mnras},
     keywords = {instabilities, magnetic fields, MHD, galaxies: active, galaxies: jets, Astrophysics - High Energy Astrophysical Phenomena, Astrophysics - Cosmology and Nongalactic Astrophysics, Astrophysics - Astrophysics of Galaxies},
         year = "2016",
        month = "Sep",
       volume = {461},
       number = {1},
        pages = {L46-L50},
          doi = {10.1093/mnrasl/slw064},
archivePrefix = {arXiv},
       eprint = {1512.04526},
 primaryClass = {astro-ph.HE},
       adsurl = {https://ui.adsabs.harvard.edu/abs/2016MNRAS.461L..46T},
      adsnote = {Provided by the SAO/NASA Astrophysics Data System}
}

@ARTICLE{BDLithwick2014,
       author = {{Barker}, Adrian J. and {Dempsey}, Adam M. and {Lithwick}, Yoram},
        title = "{Theory and Simulations of Rotating Convection}",
      journal = {\apj},
     keywords = {convection, hydrodynamics, stars: interiors, stars: rotation, turbulence, Astrophysics - Solar and Stellar Astrophysics, Astrophysics - Earth and Planetary Astrophysics, Physics - Atmospheric and Oceanic Physics, Physics - Fluid Dynamics},
         year = "2014",
        month = "Aug",
       volume = {791},
       number = {1},
          eid = {13},
        pages = {13},
          doi = {10.1088/0004-637X/791/1/13},
archivePrefix = {arXiv},
       eprint = {1403.7207},
 primaryClass = {astro-ph.SR},
       adsurl = {https://ui.adsabs.harvard.edu/abs/2014ApJ...791...13B},
      adsnote = {Provided by the SAO/NASA Astrophysics Data System}
}



@ARTICLE{hadden&lithwick2018,
       author = {{Hadden}, Sam and {Lithwick}, Yoram},
        title = "{A Criterion for the Onset of Chaos in Systems of Two Eccentric Planets}",
      journal = {\aj},
     keywords = {celestial mechanics, chaos, planets and satellites: dynamical evolution and stability, Astrophysics - Earth and Planetary Astrophysics},
         year = "2018",
        month = "Sep",
       volume = {156},
       number = {3},
          eid = {95},
        pages = {95},
          doi = {10.3847/1538-3881/aad32c},
archivePrefix = {arXiv},
       eprint = {1803.08510},
 primaryClass = {astro-ph.EP},
       adsurl = {https://ui.adsabs.harvard.edu/abs/2018AJ....156...95H},
      adsnote = {Provided by the SAO/NASA Astrophysics Data System}
}




@ARTICLE{LDLithwick2019,
       author = {{Lee}, Wing-Kit and {Dempsey}, Adam M. and {Lithwick}, Yoram},
        title = "{Eccentric Modes in Disks with Pressure and Self-gravity}",
      journal = {\apj},
     keywords = {accretion, accretion disks, hydrodynamics, protoplanetary disks, waves, Astrophysics - Earth and Planetary Astrophysics, Astrophysics - Solar and Stellar Astrophysics},
         year = "2019",
        month = "Feb",
       volume = {872},
       number = {2},
          eid = {184},
        pages = {184},
          doi = {10.3847/1538-4357/ab010c},
archivePrefix = {arXiv},
       eprint = {1811.11758},
 primaryClass = {astro-ph.EP},
       adsurl = {https://ui.adsabs.harvard.edu/abs/2019ApJ...872..184L},
      adsnote = {Provided by the SAO/NASA Astrophysics Data System}
}

@ARTICLE{lecoanet&quataert2013,
       author = {{Lecoanet}, D. and {Quataert}, E.},
        title = "{Internal gravity wave excitation by turbulent convection}",
      journal = {\mnras},
     keywords = {convection, hydrodynamics, waves, Sun: oscillations, Astrophysics - Solar and Stellar Astrophysics, Physics - Fluid Dynamics},
         year = "2013",
        month = "Apr",
       volume = {430},
       number = {3},
        pages = {2363-2376},
          doi = {10.1093/mnras/stt055},
archivePrefix = {arXiv},
       eprint = {1210.4547},
 primaryClass = {astro-ph.SR},
       adsurl = {https://ui.adsabs.harvard.edu/abs/2013MNRAS.430.2363L},
      adsnote = {Provided by the SAO/NASA Astrophysics Data System}
}

@ARTICLE{lecoanet&all2014,
       author = {{Lecoanet}, Daniel and {Brown}, Benjamin P. and {Zweibel}, Ellen G. and
         {Burns}, Keaton J. and {Oishi}, Jeffrey S. and {Vasil}, Geoffrey M.},
        title = "{Conduction in Low Mach Number Flows. I. Linear and Weakly Nonlinear Regimes}",
      journal = {\apj},
     keywords = {conduction, convection, stars: interiors, waves, Astrophysics - Solar and Stellar Astrophysics, Physics - Fluid Dynamics},
         year = "2014",
        month = "Dec",
       volume = {797},
       number = {2},
          eid = {94},
        pages = {94},
          doi = {10.1088/0004-637X/797/2/94},
archivePrefix = {arXiv},
       eprint = {1410.5424},
 primaryClass = {astro-ph.SR},
       adsurl = {https://ui.adsabs.harvard.edu/abs/2014ApJ...797...94L},
      adsnote = {Provided by the SAO/NASA Astrophysics Data System}
}


@ARTICLE{couston&all2017,
       author = {{Couston}, L. -A. and {Lecoanet}, D. and {Favier}, B. and {Le Bars}, M.},
        title = "{Dynamics of mixed convective-stably-stratified fluids}",
      journal = {Physical Review Fluids},
     keywords = {Physics - Fluid Dynamics, Physics - Geophysics},
         year = "2017",
        month = "Sep",
       volume = {2},
       number = {9},
          eid = {094804},
        pages = {094804},
          doi = {10.1103/PhysRevFluids.2.094804},
archivePrefix = {arXiv},
       eprint = {1709.06454},
 primaryClass = {physics.flu-dyn},
       adsurl = {https://ui.adsabs.harvard.edu/abs/2017PhRvF...2i4804C},
      adsnote = {Provided by the SAO/NASA Astrophysics Data System}
}

@ARTICLE{tarshis&all2018,
       author = {{Tarshish}, Nathaniel and {Jeevanjee}, Nadir and {Lecoanet}, Daniel},
        title = "{Buoyant Motion of a Turbulent Thermal}",
      journal = {Journal of Atmospheric Sciences},
     keywords = {Physics - Atmospheric and Oceanic Physics, Physics - Fluid Dynamics},
         year = "2018",
        month = "Sep",
       volume = {75},
       number = {9},
        pages = {3233-3244},
          doi = {10.1175/JAS-D-17-0371.1},
archivePrefix = {arXiv},
       eprint = {1809.08672},
 primaryClass = {physics.ao-ph},
       adsurl = {https://ui.adsabs.harvard.edu/abs/2018JAtS...75.3233T},
      adsnote = {Provided by the SAO/NASA Astrophysics Data System}
}

@ARTICLE{couston&all2019,
       author = {{Couston}, Louis-Alexandre and {Lecoanet}, Daniel and
         {Favier}, Benjamin and {Le Bars}, Michael},
        title = "{Shape and size of large-scale vortices : a universal fluid pattern in geophysical fluid dynamics}",
      journal = {arXiv e-prints},
     keywords = {Physics - Fluid Dynamics, Astrophysics - Solar and Stellar Astrophysics, Physics - Atmospheric and Oceanic Physics, Physics - Geophysics},
         year = "2019",
        month = "Sep",
          eid = {arXiv:1909.03244},
        pages = {arXiv:1909.03244},
archivePrefix = {arXiv},
       eprint = {1909.03244},
 primaryClass = {physics.flu-dyn},
       adsurl = {https://ui.adsabs.harvard.edu/abs/2019arXiv190903244C},
      adsnote = {Provided by the SAO/NASA Astrophysics Data System}
}

@ARTICLE{lecoanet&all2018,
       author = {{Lecoanet}, Daniel and {Vasil}, Geoffrey M. and {Burns}, Keaton J. and
         {Brown}, Benjamin P. and {Oishi}, Jeffrey S.},
        title = "{Tensor calculus in spherical coordinates using Jacobi polynomials, Part-II: Implementation and Examples}",
      journal = {arXiv e-prints},
     keywords = {Astrophysics - Instrumentation and Methods for Astrophysics, Physics - Fluid Dynamics, Physics - Geophysics},
         year = "2018",
        month = "Apr",
          eid = {arXiv:1804.09283},
        pages = {arXiv:1804.09283},
archivePrefix = {arXiv},
       eprint = {1804.09283},
 primaryClass = {astro-ph.IM},
       adsurl = {https://ui.adsabs.harvard.edu/abs/2018arXiv180409283L},
      adsnote = {Provided by the SAO/NASA Astrophysics Data System}
}

@ARTICLE{matilsky&all2019,
       author = {{Matilsky}, Loren I. and {Hindman}, Bradley W. and {Toomre}, Juri},
        title = "{The Role of Downflows in Establishing Solar Near-surface Shear}",
      journal = {\apj},
     keywords = {convection, stars: kinematics and dynamics, Sun: interior, Sun: rotation, turbulence, Astrophysics - Solar and Stellar Astrophysics},
         year = "2019",
        month = "Feb",
       volume = {871},
       number = {2},
          eid = {217},
        pages = {217},
          doi = {10.3847/1538-4357/aaf647},
archivePrefix = {arXiv},
       eprint = {1810.00115},
 primaryClass = {astro-ph.SR},
       adsurl = {https://ui.adsabs.harvard.edu/abs/2019ApJ...871..217M},
      adsnote = {Provided by the SAO/NASA Astrophysics Data System}
}


@ARTICLE{wood&brummell2018,
       author = {{Wood}, T.~S. and {Brummell}, N.~H.},
        title = "{A Self-consistent Model of the Solar Tachocline}",
      journal = {\apj},
     keywords = {magnetohydrodynamics, MHD, stars: magnetic field, Sun: evolution, Sun: interior, Sun: rotation, Astrophysics - Solar and Stellar Astrophysics},
         year = "2018",
        month = "Feb",
       volume = {853},
       number = {2},
          eid = {97},
        pages = {97},
          doi = {10.3847/1538-4357/aaa6d5},
archivePrefix = {arXiv},
       eprint = {1801.02565},
 primaryClass = {astro-ph.SR},
       adsurl = {https://ui.adsabs.harvard.edu/abs/2018ApJ...853...97W},
      adsnote = {Provided by the SAO/NASA Astrophysics Data System}
}

@ARTICLE{wood&brummell2012,
       author = {{Wood}, T.~S. and {Brummell}, N.~H.},
        title = "{Transport by Meridional Circulations in Solar-type Stars}",
      journal = {\apj},
     keywords = {stars: evolution, stars: interiors, stars: rotation, stars: solar-type, Astrophysics - Solar and Stellar Astrophysics},
         year = "2012",
        month = "Aug",
       volume = {755},
       number = {2},
          eid = {99},
        pages = {99},
          doi = {10.1088/0004-637X/755/2/99},
archivePrefix = {arXiv},
       eprint = {1501.05161},
 primaryClass = {astro-ph.SR},
       adsurl = {https://ui.adsabs.harvard.edu/abs/2012ApJ...755...99W},
      adsnote = {Provided by the SAO/NASA Astrophysics Data System}
}


@manual{irc2018,
	author = "IRC",
	title  = "Illinois Report Card: Academic Progress",
	url    = "https://www.illinoisreportcard.com/state.aspx?source=trends&Stateid=IL",
	year   = "2017-2018"
}

@article{stevens&all2015,
  title = {Patterns in Illinois educational school data},
  author = {Stevens, Cacey S. and Marder, Michael and Nagel, Sidney R.},
  journal = {Phys. Rev. ST Phys. Educ. Res.},
  volume = {11},
  issue = {1},
  pages = {010113},
  numpages = {10},
  year = {2015},
  month = {May},
  publisher = {American Physical Society},
  doi = {10.1103/PhysRevSTPER.11.010113},
  url = {https://link.aps.org/doi/10.1103/PhysRevSTPER.11.010113}
}

@Article{vennix&all2017,
author="Vennix, J.
and den Brok, P.
and Taconis, R.",
title="Perceptions of STEM-based outreach learning activities in secondary education",
journal="Learning Environments Research",
year="2017",
month="Apr",
day="01",
volume="20",
number="1",
pages="21--46",
abstract="We investigated and compared the learning environment perceptions of students, teachers and guides who participated in Science, Technology, Engineering and Mathematics (STEM)-based outreach activities in secondary education. In outreach activities, schools and teachers work together with companies and other external institutions in learning activities in order to motivate students for the STEM domain. In this study, we identified characteristics of outreach activities that explain variance in perceptions of students. Data were gathered from 729 high-school students as well as 35 teachers and guides in 12 activities both in the US and the Netherlands. A questionnaire was used to asses outreach activities based on subscales from validated questionnaires such as the What Is Happening In this Classroom, Constructivist Learning Environments Survey, Classroom Environment Scale and the Learning Climate Questionnaire. Teachers' perceptions were more positive than students' perceptions for most scales, while guides perceived the outreach learning environment in almost the same way as students. Student perceptions were very positive for outreach activities. Outreach activity characteristics such as teaching method and emphasis were found to be the most important factors in explaining variance in students' perceptions between activities. Long-term problem-based activities and the perspective of new views of science and scientists were perceived as providing the most positive learning environments. Additionally, outreach learning environments can create opportunities to increase students' motivation in STEM.",
issn="1573-1855",
doi="10.1007/s10984-016-9217-6",
url="https://doi.org/10.1007/s10984-016-9217-6"
}

@article{vennix&all2018,
author = {Johanna Vennix and Perry den Brok and Ruurd Taconis},
title = {Do outreach activities in secondary STEM education motivate students and improve their attitudes towards STEM?},
journal = {International Journal of Science Education},
volume = {40},
number = {11},
pages = {1263-1283},
year  = {2018},
publisher = {Routledge},
doi = {10.1080/09500693.2018.1473659},
URL = {         https://doi.org/10.1080/09500693.2018.1473659},
eprint = {        https://doi.org/10.1080/09500693.2018.1473659}
}

@article{laursen&all2007,
author = {Sandra Laursen and Carrie Liston and Heather Thiry and Julie Graf},
title = {What Good Is a Scientist in the Classroom? Participant Outcomes and Program Design Features for a Short-Duration Science Outreach Intervention in K–12 Classrooms},
journal = {CBE Life Science Education},
volume = {6},
number = {1},
pages = {49-64},
year  = {2007},
doi = {10.1187/cbe.06-05-0165},
URL = {https://dx.doi.org/10.1187%2Fcbe.06-05-0165},
}

@article{meltzer&thornton2012,
title = "Resource Letter ALIP-1: Active-Learning Instruction in Physics",
abstract = "This Resource Letter provides a guide to the literature on research-based active-learning instruction in physics. These are instructional methods that are based on, assessed by, and validated through research on the teaching and learning of physics. They involve students in their own learning more deeply and more intensely than does traditional instruction, particularly during class time. The instructional methods and supporting body of research reviewed here offer potential for significantly improved learning in comparison to traditional lecture-based methods of college and university physics instruction. We begin with an introduction to the history of active learning in physics in the United States, and then discuss some methods for and outcomes of assessing pedagogical effectiveness. We enumerate and describe common characteristics of successful active-learning instructional strategies in physics. We then discuss a range of methods for introducing active-learning instruction in physics and provide references to those methods for which there is published documentation of student learning gains.",
author = "David Meltzer and Thornton, {Ronald K.}",
year = "2012",
month = "5",
day = "17",
doi = "10.1119/1.3678299",
language = "English (US)",
volume = "80",
pages = "478--496",
journal = "American Journal of Physics",
issn = "0002-9505",
publisher = "American Association of Physics Teachers",
number = "6",
}

@article{reddish&all1998,
author = {Redish,Edward F.  and Saul,Jeffery M.  and Steinberg,Richard N. },
title = {Student expectations in introductory physics},
journal = {American Journal of Physics},
volume = {66},
number = {3},
pages = {212-224},
year = {1998},
doi = {10.1119/1.18847},
URL = {         https://doi.org/10.1119/1.18847},
eprint = {         https://doi.org/10.1119/1.18847}
}
