@ARTICLE{spruit1997,
       author = {{Spruit}, H.~C.},
        title = "{Convection in stellar envelopes: a changing paradigm.}",
      journal = {Memorie della Societa Astronomica Italiana},
     keywords = {Astrophysics},
         year = "1997",
        month = "Jan",
       volume = {68},
        pages = {397-413},
archivePrefix = {arXiv},
       eprint = {astro-ph/9605020},
 primaryClass = {astro-ph},
       adsurl = {https://ui.adsabs.harvard.edu/abs/1997MmSAI..68..397S},
      adsnote = {Provided by the SAO/NASA Astrophysics Data System}
}


% Solar surface convection review
@ARTICLE{nordlund&all2009,
   author = {{Nordlund}, {\AA}. and {Stein}, R.~F. and {Asplund}, M.},
    title = "{Solar Surface Convection}",
  journal = {Living Reviews in Solar Physics},
 keywords = {solar physics, convection, granulation, mesogranulation, supergranulation},
     year = 2009,
    month = apr,
   volume = 6,
      eid = {2},
    pages = {2},
      doi = {10.12942/lrsp-2009-2},
   adsurl = {http://adsabs.harvard.edu/abs/2009LRSP....6....2N},
  adsnote = {Provided by the SAO/NASA Astrophysics Data System}
}

% Solar dynamo theory review
@ARTICLE{charbonneau2014,
   author = {{Charbonneau}, P.},
    title = "{Solar Dynamo Theory}",
  journal = {Annual Review of Astronomy and Astrophysics},
     year = 2014,
    month = aug,
   volume = 52,
    pages = {251-290},
      doi = {10.1146/annurev-astro-081913-040012},
   adsurl = {http://adsabs.harvard.edu/abs/2014ARA%26A..52..251C},
  adsnote = {Provided by the SAO/NASA Astrophysics Data System}
}

% Early convection work
@ARTICLE{graham1975,
   author = {{Graham}, E.},
    title = "{Numerical simulation of two-dimensional compressible convection}",
  journal = {Journal of Fluid Mechanics},
 keywords = {Compressible Flow, Convective Flow, Digital Simulation, Free Convection, Two Dimensional Flow, Boundary Value Problems, Boussinesq Approximation, Equations Of Motion, Finite Difference Theory, Flow Stability, Ideal Gas, Rayleigh Number, Thermal Conductivity, Viscous Fluids},
     year = 1975,
    month = aug,
   volume = 70,
    pages = {689-703},
      doi = {10.1017/S0022112075002297},
   adsurl = {http://adsabs.harvard.edu/abs/1975JFM....70..689G},
  adsnote = {Provided by the SAO/NASA Astrophysics Data System}
}

@ARTICLE{hurlburt&all1984,
   author = {{Hurlburt}, N.~E. and {Toomre}, J. and {Massaguer}, J.~M.},
    title = "{Two-dimensional compressible convection extending over multiple scale heights}",
  journal = {The Astrophysical Journal},
 keywords = {Compressible Flow, Convection, Stellar Atmospheres, Atmospheric Stratification, Computational Fluid Dynamics, Fourier Analysis, Temporal Distribution, Two Dimensional Flow},
     year = 1984,
    month = jul,
   volume = 282,
    pages = {557-573},
      doi = {10.1086/162235},
   adsurl = {http://adsabs.harvard.edu/abs/1984ApJ...282..557H},
  adsnote = {Provided by the SAO/NASA Astrophysics Data System}
}

% big 3d sexy sims
@ARTICLE{brown&all2010,
   author = {{Brown}, B.~P. and {Browning}, M.~K. and {Brun}, A.~S. and {Miesch}, M.~S. and 
	{Toomre}, J.},
    title = "{Persistent Magnetic Wreaths in a Rapidly Rotating Sun}",
  journal = {The Astrophysical Journal},
archivePrefix = "arXiv",
   eprint = {1011.2831},
 primaryClass = "astro-ph.SR",
 keywords = {convection, magnetohydrodynamics: MHD, stars: interiors, stars: magnetic field, stars: rotation, Sun: interior},
     year = 2010,
    month = mar,
   volume = 711,
    pages = {424-438},
      doi = {10.1088/0004-637X/711/1/424},
   adsurl = {http://adsabs.harvard.edu/abs/2010ApJ...711..424B},
  adsnote = {Provided by the SAO/NASA Astrophysics Data System}
}

@ARTICLE{guerrero&all2016,
   author = {{Guerrero}, G. and {Smolarkiewicz}, P.~K. and {de Gouveia Dal Pino}, E.~M. and 
	{Kosovichev}, A.~G. and {Mansour}, N.~N.},
    title = "{On the Role of Tachoclines in Solar and Stellar Dynamos}",
  journal = {The Astrophysical Journal},
archivePrefix = "arXiv",
   eprint = {1507.04434},
 primaryClass = "astro-ph.SR",
 keywords = {stars: activity, stars: interiors, stars: magnetic field, Sun: interior, Sun: magnetic fields, Sun: rotation},
     year = 2016,
    month = mar,
   volume = 819,
      eid = {104},
    pages = {104},
      doi = {10.3847/0004-637X/819/2/104},
   adsurl = {http://adsabs.harvard.edu/abs/2016ApJ...819..104G},
  adsnote = {Provided by the SAO/NASA Astrophysics Data System}
}

% Local area models of all the sexiness
@ARTICLE{rempel2014,
   author = {{Rempel}, M.},
    title = "{Numerical Simulations of Quiet Sun Magnetism: On the Contribution from a Small-scale Dynamo}",
  journal = {The Astrophysical Journal},
archivePrefix = "arXiv",
   eprint = {1405.6814},
 primaryClass = "astro-ph.SR",
 keywords = {convection, dynamo, magnetohydrodynamics: MHD, radiative transfer, Sun: magnetic fields, Sun: photosphere },
     year = 2014,
    month = jul,
   volume = 789,
      eid = {132},
    pages = {132},
      doi = {10.1088/0004-637X/789/2/132},
   adsurl = {http://adsabs.harvard.edu/abs/2014ApJ...789..132R},
  adsnote = {Provided by the SAO/NASA Astrophysics Data System}
}


@ARTICLE{stein&nordlund2012,
   author = {{Stein}, R.~F. and {Nordlund}, {\AA}.},
    title = "{On the Formation of Active Regions}",
  journal = {Astrophys J. Lett.},
archivePrefix = "arXiv",
   eprint = {1207.4248},
 primaryClass = "astro-ph.SR",
 keywords = {methods: numerical, Sun: activity, Sun: granulation, Sun: surface magnetism},
     year = 2012,
    month = jul,
   volume = 753,
      eid = {L13},
    pages = {L13},
      doi = {10.1088/2041-8205/753/1/L13},
   adsurl = {http://adsabs.harvard.edu/abs/2012ApJ...753L..13S},
  adsnote = {Provided by the SAO/NASA Astrophysics Data System}
}

% Convective Conundrum obs
@ARTICLE{hanasoge&all2012,
   author = {{Hanasoge}, S.~M. and {Duvall}, T.~L. and {Sreenivasan}, K.~R.
	},
    title = "{Anomalously weak solar convection}",
  journal = {Proceedings of the National Academy of Science},
archivePrefix = "arXiv",
   eprint = {1206.3173},
 primaryClass = "astro-ph.SR",
     year = 2012,
    month = jul,
   volume = 109,
    pages = {11928-11932},
      doi = {10.1073/pnas.1206570109},
   adsurl = {http://adsabs.harvard.edu/abs/2012PNAS..10911928H},
  adsnote = {Provided by the SAO/NASA Astrophysics Data System}
}

@ARTICLE{greer&all2015,
   author = {{Greer}, B.~J. and {Hindman}, B.~W. and {Featherstone}, N.~A. and 
	{Toomre}, J.},
    title = "{Helioseismic Imaging of Fast Convective Flows throughout the Near-surface Shear Layer}",
  journal = {Astrophys J. Lett.},
archivePrefix = "arXiv",
   eprint = {1504.00699},
 primaryClass = "astro-ph.SR",
 keywords = {Sun: helioseismology},
     year = 2015,
    month = apr,
   volume = 803,
      eid = {L17},
    pages = {L17},
      doi = {10.1088/2041-8205/803/2/L17},
   adsurl = {http://adsabs.harvard.edu/abs/2015ApJ...803L..17G},
  adsnote = {Provided by the SAO/NASA Astrophysics Data System}
}

@ARTICLE{hathaway&all2015,
   author = {{Hathaway}, D.~H. and {Teil}, T. and {Norton}, A.~A. and {Kitiashvili}, I.
	},
    title = "{The Sun's Photospheric Convection Spectrum}",
  journal = {The Astrophysical Journal},
archivePrefix = "arXiv",
   eprint = {1508.03022},
 primaryClass = "astro-ph.SR",
 keywords = {convection, Sun: granulation, Sun: interior, Sun: photosphere},
     year = 2015,
    month = oct,
   volume = 811,
      eid = {105},
    pages = {105},
      doi = {10.1088/0004-637X/811/2/105},
   adsurl = {http://adsabs.harvard.edu/abs/2015ApJ...811..105H},
  adsnote = {Provided by the SAO/NASA Astrophysics Data System}
}



%4Hrho driving scale of convection
@ARTICLE{lord&all2014,
   author = {{Lord}, J.~W. and {Cameron}, R.~H. and {Rast}, M.~P. and {Rempel}, M. and 
	{Roudier}, T.},
    title = "{The Role of Subsurface Flows in Solar Surface Convection: Modeling the Spectrum of Supergranular and Larger Scale Flows}",
  journal = {The Astrophysical Journal},
archivePrefix = "arXiv",
   eprint = {1407.2209},
 primaryClass = "astro-ph.SR",
 keywords = {convection, Sun: granulation, Sun: interior, Sun: photosphere, turbulence },
     year = 2014,
    month = sep,
   volume = 793,
      eid = {24},
    pages = {24},
      doi = {10.1088/0004-637X/793/1/24},
   adsurl = {http://adsabs.harvard.edu/abs/2014ApJ...793...24L},
  adsnote = {Provided by the SAO/NASA Astrophysics Data System}
}


% My paper
@ARTICLE{anders&brown2017,
   author = {{Anders}, E.~H. and {Brown}, B.~P.},
    title = "{Convective heat transport in stratified atmospheres at low and high Mach number}",
  journal = {Physical Review Fluids},
archivePrefix = "arXiv",
   eprint = {1611.06580},
 primaryClass = "physics.flu-dyn",
     year = 2017,
    month = aug,
   volume = 2,
   number = 8,
      eid = {083501},
    pages = {083501},
      doi = {10.1103/PhysRevFluids.2.083501},
   adsurl = {http://adsabs.harvard.edu/abs/2017PhRvF...2h3501A},
  adsnote = {Provided by the SAO/NASA Astrophysics Data System}
}

% Internal Heating
@ARTICLE{goluskin&spiegel2012,
   author = {{Goluskin}, D. and {Spiegel}, E.~A.},
    title = "{Convection driven by internal heating}",
  journal = {Physics Letters A},
archivePrefix = "arXiv",
   eprint = {1210.8154},
 primaryClass = "physics.flu-dyn",
 keywords = {Internally heated convection, High Rayleigh number, Direct numerical simulation},
     year = 2012,
    month = dec,
   volume = 377,
    pages = {83-92},
      doi = {10.1016/j.physleta.2012.10.037},
   adsurl = {http://adsabs.harvard.edu/abs/2012PhLA..377...83G},
  adsnote = {Provided by the SAO/NASA Astrophysics Data System}
}

%kramers' opacity
@ARTICLE{barekat&brandenburg2014,
   author = {{Barekat}, A. and {Brandenburg}, A.},
    title = "{Near-polytropic stellar simulations with a radiative surface}",
  journal = {Astronomy \& Astrophysics},
archivePrefix = "arXiv",
   eprint = {1308.1660},
 primaryClass = "astro-ph.SR",
 keywords = {radiative transfer, hydrodynamics, Sun: atmosphere},
     year = 2014,
    month = nov,
   volume = 571,
      eid = {A68},
    pages = {A68},
      doi = {10.1051/0004-6361/201322461},
   adsurl = {http://adsabs.harvard.edu/abs/2014A%26A...571A..68B},
  adsnote = {Provided by the SAO/NASA Astrophysics Data System}
}


@ARTICLE{brandenburg2016,
   author = {{Brandenburg}, A.},
    title = "{Stellar Mixing Length Theory with Entropy Rain}",
  journal = {The Astrophysical Journal},
archivePrefix = "arXiv",
   eprint = {1504.03189},
 primaryClass = "astro-ph.SR",
 keywords = {convection, Sun: granulation, turbulence },
     year = 2016,
    month = nov,
   volume = 832,
      eid = {6},
    pages = {6},
      doi = {10.3847/0004-637X/832/1/6},
   adsurl = {http://adsabs.harvard.edu/abs/2016ApJ...832....6B},
  adsnote = {Provided by the SAO/NASA Astrophysics Data System}
}

% Dedalus ASCL
@MISC{burns&all2016,
   author = {{Burns}, K. and {Vasil}, G. and {Oishi}, J. and {Lecoanet}, D. and 
	{Brown}, B.},
    title = "{Dedalus: Flexible framework for spectrally solving differential equations}",
 keywords = {Software},
howpublished = {Astrophysics Source Code Library},
     year = 2016,
    month = mar,
archivePrefix = "ascl",
   eprint = {1603.015},
   adsurl = {http://adsabs.harvard.edu/abs/2016ascl.soft03015B},
  adsnote = {Provided by the SAO/NASA Astrophysics Data System}
}

%Daniel dedalus convection
@ARTICLE{lecoanet&all2014,
   author = {{Lecoanet}, D. and {Brown}, B.~P. and {Zweibel}, E.~G. and {Burns}, K.~J. and 
	{Oishi}, J.~S. and {Vasil}, G.~M.},
    title = "{Conduction in Low Mach Number Flows. I. Linear and Weakly Nonlinear Regimes}",
  journal = {The Astrophysical Journal},
archivePrefix = "arXiv",
   eprint = {1410.5424},
 primaryClass = "astro-ph.SR",
 keywords = {conduction, convection, stars: interiors, waves},
     year = 2014,
    month = dec,
   volume = 797,
      eid = {94},
    pages = {94},
      doi = {10.1088/0004-637X/797/2/94},
   adsurl = {http://adsabs.harvard.edu/abs/2014ApJ...797...94L},
  adsnote = {Provided by the SAO/NASA Astrophysics Data System}
}

%hydrogen ionization convection
@ARTICLE{rast&toomre1993,
   author = {{Rast}, M.~P. and {Toomre}, J.},
    title = "{Compressible Convection with Ionization. II. Thermal Boundary-Layer Instability}",
  journal = {The Astrophysical Journal},
 keywords = {CONVECTION, HYDRODYNAMICS, STARS: INTERIORS},
     year = 1993,
    month = dec,
   volume = 419,
    pages = {240},
      doi = {10.1086/173478},
   adsurl = {http://adsabs.harvard.edu/abs/1993ApJ...419..240R},
  adsnote = {Provided by the SAO/NASA Astrophysics Data System}
}

@ARTICLE{paxton&all2011,
       author = {{Paxton}, Bill and {Bildsten}, Lars and {Dotter}, Aaron and
         {Herwig}, Falk and {Lesaffre}, Pierre and {Timmes}, Frank},
        title = "{Modules for Experiments in Stellar Astrophysics (MESA)}",
      journal = {The Astrophysical Journal Supplement},
     keywords = {methods: numerical, stars: evolution, stars: general, Astrophysics - Solar and Stellar Astrophysics, Astrophysics - Instrumentation and Methods for Astrophysics},
         year = "2011",
        month = "Jan",
       volume = {192},
       number = {1},
          eid = {3},
        pages = {3},
          doi = {10.1088/0067-0049/192/1/3},
archivePrefix = {arXiv},
       eprint = {1009.1622},
 primaryClass = {astro-ph.SR},
       adsurl = {https://ui.adsabs.harvard.edu/abs/2011ApJS..192....3P},
      adsnote = {Provided by the SAO/NASA Astrophysics Data System}
}

% moist convection in exoplanets with cloud formation
@ARTICLE{leconte&all2017,
   author = {{Leconte}, J. and {Selsis}, F. and {Hersant}, F. and {Guillot}, T.
	},
    title = "{Condensation-inhibited convection in hydrogen-rich atmospheres . Stability against double-diffusive processes and thermal profiles for Jupiter, Saturn, Uranus, and Neptune}",
  journal = {Astronomy \& Astrophysics},
archivePrefix = "arXiv",
   eprint = {1610.05506},
 primaryClass = "astro-ph.EP",
 keywords = {planets and satellites: atmospheres, convection},
     year = 2017,
    month = feb,
   volume = 598,
      eid = {A98},
    pages = {A98},
      doi = {10.1051/0004-6361/201629140},
   adsurl = {http://adsabs.harvard.edu/abs/2017A%26A...598A..98L},
  adsnote = {Provided by the SAO/NASA Astrophysics Data System}
}

@ARTICLE{featherstone&hindman2016,
       author = {{Featherstone}, Nicholas A. and {Hindman}, Bradley W.},
        title = "{The Emergence of Solar Supergranulation as a Natural Consequence of Rotationally Constrained Interior Convection}",
      journal = {The Astrophysical Journal Letters},
     keywords = {stars: fundamental parameters, stars: interiors, stars: kinematics and dynamics, Sun: helioseismology, Sun: interior, Sun: magnetic fields, Astrophysics - Solar and Stellar Astrophysics},
         year = "2016",
        month = "Oct",
       volume = {830},
       number = {1},
          eid = {L15},
        pages = {L15},
          doi = {10.3847/2041-8205/830/1/L15},
archivePrefix = {arXiv},
       eprint = {1609.05153},
 primaryClass = {astro-ph.SR},
       adsurl = {https://ui.adsabs.harvard.edu/abs/2016ApJ...830L..15F},
      adsnote = {Provided by the SAO/NASA Astrophysics Data System}
}

@ARTICLE{kapyla&all2017,
       author = {{K{\"a}pyl{\"a}}, Petri J. and {Rheinhardt}, Matthias and {Brand
        enburg}, Axel and {Arlt}, Rainer and {K{\"a}pyl{\"a}}, Maarit J. and
         {Lagg}, Andreas and {Olspert}, Nigul and {Warnecke}, J{\"o}rn},
        title = "{Extended Subadiabatic Layer in Simulations of Overshooting Convection}",
      journal = {The Astrophysical Journal Letters},
     keywords = {convection, hydrodynamics, turbulence, Astrophysics - Solar and Stellar Astrophysics},
         year = "2017",
        month = "Aug",
       volume = {845},
       number = {2},
          eid = {L23},
        pages = {L23},
          doi = {10.3847/2041-8213/aa83ab},
archivePrefix = {arXiv},
       eprint = {1703.06845},
 primaryClass = {astro-ph.SR},
       adsurl = {https://ui.adsabs.harvard.edu/abs/2017ApJ...845L..23K},
      adsnote = {Provided by the SAO/NASA Astrophysics Data System}
}



@ARTICLE{lecoanet&jeevanjee2019,
       author = {{Lecoanet}, Daniel and {Jeevanjee}, Nadir},
        title = "{Entrainment in Resolved, Dry Thermals}",
      journal = {arXiv e-prints},
     keywords = {Physics - Fluid Dynamics, Physics - Atmospheric and Oceanic Physics},
         year = "2018",
        month = "Apr",
          eid = {arXiv:1804.09326},
        pages = {arXiv:1804.09326},
archivePrefix = {arXiv},
       eprint = {1804.09326},
 primaryClass = {physics.flu-dyn},
       adsurl = {https://ui.adsabs.harvard.edu/abs/2018arXiv180409326L},
      adsnote = {Provided by the SAO/NASA Astrophysics Data System}
}



@ARTICLE{andersLB2019,
       author = {{Anders}, Evan H. and {Lecoanet}, Daniel and {Brown}, Benjamin P.},
        title = "{Entropy Rain: Dilution and Compression of Thermals in Stratified Domains}",
      journal = {arXiv e-prints},
     keywords = {Astrophysics - Solar and Stellar Astrophysics, Physics - Atmospheric and Oceanic Physics, Physics - Fluid Dynamics},
         year = "2019",
        month = "Jun",
          eid = {arXiv:1906.02342},
        pages = {arXiv:1906.02342},
archivePrefix = {arXiv},
       eprint = {1906.02342},
 primaryClass = {astro-ph.SR},
       adsurl = {https://ui.adsabs.harvard.edu/abs/2019arXiv190602342A},
      adsnote = {Provided by the SAO/NASA Astrophysics Data System}
}

@ARTICLE{jorgensen&weiss2019,
       author = {{J{\o}rgensen}, Andreas Christ S{\o}lvsten and {Weiss}, Achim},
        title = "{Overcoming the structural surface effect with a realistic treatment of turbulent convection in 1D stellar models}",
      journal = {Monthly Notices of the Royal Astronomical Society},
     keywords = {asteroseismology, stars: atmospheres, stars: interiors, Astrophysics - Solar and Stellar Astrophysics},
         year = "2019",
        month = "Sep",
       volume = {488},
       number = {3},
        pages = {3463-3473},
          doi = {10.1093/mnras/stz1980},
archivePrefix = {arXiv},
       eprint = {1907.06039},
 primaryClass = {astro-ph.SR},
       adsurl = {https://ui.adsabs.harvard.edu/abs/2019MNRAS.488.3463J},
      adsnote = {Provided by the SAO/NASA Astrophysics Data System}
}


